4425 6450
246 332 299 389 619

958 338 1148 397 epistole.

1825 340 1885 409 εει·

247 447 472 503 dnbiocurlorum
485 447 593 503 nomine
608 449 689 503 corda
712 451 834 506 roelestia
854 452 1041 523 designantur.
1061 463 1220 527 usrrspecta
1241 457 1312 513 enim
1336 458 1419 515 habet
1446 459 1529 514 rerba
1555 468 1583 537 et
1604 469 1685 518 ntnm
1707 463 1876 534 petulantiae,

244 539 335 596 Corda
356 539 477 593 celestia
494 538 577 605 srrnl,
593 557 709 612 ortorum
729 552 770 597 est
786 544 812 597 in
829 544 907 598 cols
921 560 1035 602 conner-

251 632 339 695 sario,
354 645 470 699 quorsus
489 640 602 689 ornatus
614 642 641 689 ct
652 633 780 688 caelatura
796 645 839 690 est
853 650 885 690 ex
897 636 1029 692 virtutum

245 722 400 780 sideribus,
420 721 465 789 otri
480 729 584 775 tantum
599 737 628 777 se
648 737 662 776 a
684 723 802 777 terrenis
818 724 929 779 trucibus
944 735 1035 781 mente

245 821 384 880 separant,
397 824 529 881 qnantum
546 813 637 867 coelia
658 823 732 867 terra
751 814 871 869 locorum
891 818 1035 883 positione,

245 912 273 956 et
297 917 387 955 rerum
408 902 503 954 ordine
519 902 631 958 distant,
653 902 675 958 0
695 904 846 974 appetenda
866 906 1032 962 sublimitasl

244 1006 261 1044 o
279 991 408 1061 splendor
422 990 553 1044 uirtutum
567 992 713 1057 mirabills,
725 994 769 1046 nld
784 992 872 1048 locum
886 1011 939 1050 non
954 996 1035 1053 lralnet

244 1096 323 1135 arrror
340 1080 498 1143 labentium,
511 1081 557 1135 sed
570 1081 688 1136 l'elieiter
700 1083 807 1136 aoirnus
819 1083 909 1152 igitur
921 1086 947 1139 in
958 1102 1035 1141 nran-

246 1171 328 1232 snris,
349 1171 412 1225 elram
430 1172 568 1241 respuitur
582 1174 699 1236 vanitas·
723 1175 785 1228 drun
809 1174 938 1243 iniqnitas
961 1177 1036 1231 deni·

247 1271 331 1325 tatur,
346 1264 410 1316 dum
427 1263 538 1332 spiritui
558 1279 659 1333 corpus
672 1266 827 1334 subjicitur,
841 1269 903 1321 dnm
917 1271 1035 1337 prosola

245 1353 307 1407 ritae
323 1353 426 1425 fragilis
445 1355 624 1417 neccessitate,
643 1372 709 1410 usus
730 1358 917 1427 temporalium
936 1362 1037 1428 utraml-

246 1447 304 1498 turl
325 1446 370 1499 Sic
382 1460 459 1498 amor
473 1447 566 1499 maroeli
580 1447 614 1498 ad
627 1461 676 1499 cor
692 1461 833 1501 accessum
850 1463 903 1502 nou
919 1450 1034 1517 inuenit,

245 1536 310 1589 ‹lrrm
325 1536 447 1591 ueritatis
464 1550 541 1589 amor
553 1544 582 1590 et
593 1535 703 1590 uirtutis
720 1538 838 1591 staulinm
856 1540 882 1591 in
897 1543 979 1594 corde
990 1557 1036 1594 so·

244 1626 305 1682 brio
318 1626 415 1685 tamenn
432 1637 567 1699 generant
585 1640 765 1689 [eternorum.
788 1629 893 1687 Olelix
915 1634 1035 1700 esuries,

243 1718 317 1777 omui
335 1720 484 1777 relectione
493 1720 649 1789 jucundior,
662 1740 743 1795 urtam
763 1725 789 1780 io
813 1723 865 1779 stne
877 1724 958 1779 satiat
974 1724 1036 1778 irru-

1086 556 1155 607 loea'
1166 559 1193 606 et
1208 549 1425 619 opportunitates
1447 552 1620 624 subterfugit,
1636 563 1663 608 et
1677 555 1810 624 utraslibet
1822 568 1878 611 sat·

1087 645 1142 715 agit
1163 642 1321 697 occasiones
1345 643 1538 712 praescindere,
1568 646 1725 715 exortibus
1748 647 1878 718 splendor

1087 735 1238 791 lronestatis
1261 734 1435 790 conscientiae
1458 735 1499 790 vel
1525 736 1643 791 inlamioe
1665 737 1813 793 discrimen
1835 739 1878 792 io·

1086 835 1195 892 enarrat;
1208 835 1315 896 oportet
1327 827 1399 880 euim
1410 835 1521 884 sanctos
1534 827 1635 882 habere
1647 828 1832 884 testimoninm
1842 829 1877 882 ab

1087 918 1130 974 luis
1145 918 1190 987 otri
1206 916 1272 971 turn
1293 925 1365 982 sunt,
1388 924 1415 972 ct
1431 918 1573 989 providere
1592 919 1676 982 bona,
1693 934 1746 974 oon
1771 927 1877 975 tantum

1086 1023 1177 1063 coram
1187 1008 1252 1071 neo,
1260 1009 1306 1062 sed
1318 1008 1399 1062 etiam
1411 1024 1503 1063 coram
1513 1009 1677 1064 leominibus.
1685 1010 1818 1067 Caeterum
1828 1011 1878 1066 tibi

1086 1101 1175 1167 rirtns
1190 1109 1231 1153 εει
1244 1100 1270 1176 in
1289 1098 1491 1165 desideriosos!
1510 1098 1599 1153 adlatae
1610 1115 1701 1154 coram
1722 1099 1878 1155 bominibus

1087 1191 1120 1244 de
1132 1190 1222 1259 specie
1235 1190 1344 1244 rtrrrrtis
1355 1190 1540 1244 contunditur.
1551 1187 1735 1244 Norrarbitror
1745 1206 1807 1245 earn
1822 1191 1878 1244 sir·

1087 1290 1172 1335 tutem
1186 1279 1287 1336 babere
1299 1280 1332 1334 ad
1348 1281 1486 1344 meritum,
1498 1282 1531 1334 de
1549 1280 1627 1348 errius
1641 1281 1802 1335 ostensione
1820 1282 1878 1336 dis-

1087 1370 1189 1439 plicere
1210 1369 1340 1424 formidat
1355 1370 1441 1425 oculis
1456 1370 1649 1439 pessimorum.
1665 1370 1735 1425 Sunt
1754 1371 1879 1441 plerique

1087 1477 1155 1529 ornos
1177 1461 1294 1517 delectat
1317 1461 1414 1524 virtus,
1432 1462 1480 1516 sed
1505 1462 1591 1517 videri
1616 1461 1797 1526 erubeseunt,
1812 1463 1879 1532 qrria

1086 1566 1147 1607 esse
1167 1562 1306 1622 appetunt,
1332 1562 1377 1606 aut
1399 1552 1513 1617 iaciunt,
1538 1561 1586 1606 aot
1609 1553 1700 1609 tacere
1719 1568 1750 1609 se
1772 1552 1880 1624 lingunt

1087 1641 1246 1711 plerumque
1262 1641 1289 1695 iu
1312 1642 1493 1708 constrarium,
1515 1641 1600 1710 pluris
1624 1642 1756 1699 babentes
1774 1658 1878 1699 morem

1087 1732 1266 1787 sacerrlaribns
1283 1748 1382 1803 gerere
1407 1749 1489 1801 quam
1513 1733 1547 1788 ad
1572 1734 1671 1788 interni
1695 1735 1737 1790 sui
1757 1736 1878 1805 pectoris

244 1815 308 1867 nitae
323 1814 500 1868 beatitudinis
517 1814 671 1883 plenitudo!
693 1818 735 1871 lld
750 1817 821 1872 lranc
840 1817 1035 1887 plenitudinem
1051 1792 1073 1846 B
1088 1825 1243 1888 arbitrium,
1265 1826 1342 1894 jarrta
1363 1824 1540 1880 conscientiae
1565 1825 1762 1890 testimonium,
1781 1842 1810 1883 se
1825 1828 1878 1882 lra-

244 1907 382 1961 bominem
394 1908 515 1961 condidit
528 1908 800 1979 amoromnipoteus;
812 1909 859 1963 sed
871 1908 933 1963 ‹lnm
950 1910 1036 1963 nolrrit

245 1998 396 2067 intelligere
412 2009 442 2053 ιιι
465 2000 534 2054 bene
547 2010 653 2070 ageret,
672 2000 782 2055 deuenit
797 2001 831 2055 ad
850 2000 968 2069 inopiam
985 2002 1035 2054 mi-

243 2094 367 2148 serriurae
381 2093 561 2164 paupertatis.
576 2092 677 2147 Factus
688 2104 730 2148 est
743 2095 835 2163 itaque
847 2094 929 2148 miser
942 2096 1034 2158 bomo,

245 2185 279 2240 tle
295 2185 373 2253 pleno
391 2200 510 2248 nscnns,
529 2184 563 2239 de
579 2185 716 2254 locuplete
737 2186 881 2256 indigens,
895 2185 928 2238 de
944 2183 1034 2238 stabili

245 2276 395 2347 prolrrgus,
414 2276 491 2331 exsul
512 2275 545 2332 dc
565 2278 643 2340 eine,
659 2279 691 2332 de
707 2278 826 2348 glorioso
842 2277 985 2347 ignobilis,
1001 2276 1035 2331 ‹le

246 2367 398 2421 honorabili
422 2368 637 2438 ignominiosum
659 2367 761 2437 quiippe
783 2367 829 2436 qrri
853 2368 885 2419 de
907 2367 1034 2419 similitu·

244 2459 308 2515 «line
330 2461 483 2525 Cremonis,
497 2471 523 2515 et
541 2462 573 2515 de
594 2462 712 2530 paritate
737 2457 867 2528 angelicae
883 2456 1033 2525 dignitatis,

252 2552 355 2608 infelici
395 2548 561 2607 corrinnereio
606 2559 782 2620 comparatus
827 2557 868 2602 est
905 2547 1035 2618 jumentis

245 2642 453 2709 insipientibus,
475 2651 502 2694 et
514 2639 611 2695 similis
626 2640 711 2694 iactus
731 2648 773 2693 est
795 2638 894 2693 illiso
917 2638 1033 2700 utinam,

243 2733 344 2797 borno,
365 2735 453 2787 solum
476 2732 523 2785 tibi
545 2732 706 2787 accessisset
728 2731 846 2785 hnmana
864 2729 1032 2796 mortalitas,

247 2834 278 2877 nt
306 2819 411 2891 perdita
446 2821 634 2891 benignissimi
669 2820 823 2877 Comlitoris
858 2817 1035 2873 similitudine

242 2914 384 2967 insensato
435 2913 530 2982 pecudi
569 2912 755 2981 corrrpareris,
790 2920 818 2965 et
850 2925 901 2964 nou
938 2905 1035 2977 majori

244 3004 407 3057 infelicitate
430 3018 499 3074 pene
527 3002 554 3056 in
578 3002 706 3057 omnibus
727 3002 831 3072 pecude
852 3002 965 3057 interior
987 3003 1036 3056 lm·

1086 1919 1161 1975 bere.
1178 1918 1303 1973 Crudelis
1323 1927 1365 1973 est
1383 1933 1451 1974 sane
1471 1919 1516 1987 orti
1539 1918 1639 1973 lamam
1655 1916 1778 1987 negligit,
1793 1929 1820 1975 et
1834 1920 1878 1974 cul

1085 2007 1232 2061 crudelitas
1247 2007 1384 2076 propriam
1399 2008 1524 2063 rrrlnerat
1544 2006 1654 2071 lamam,
1671 2022 1724 2062 oon
1738 2017 1781 2062 est
1795 2009 1879 2065 rnlse·

1087 2098 1201 2153 ricordia
1213 2112 1273 2166 quse
1288 2098 1482 2152 conscientiam
1497 2096 1563 2151 lacit
1574 2112 1679 2155 sanam.
1695 2098 1723 2153 lu
1738 2099 1877 2165 omnibns,

1085 2192 1122 2247 urs
1138 2190 1308 2254 charissimo,
1324 2190 1378 2243 crit
1402 2190 1450 2243 tibi
1476 2198 1617 2260 respectus
1633 2191 1659 2245 in
1676 2189 1782 2259 lesum,
1795 2207 1877 2261 narem

1085 2298 1166 2339 nosse
1180 2292 1222 2338 est
1243 2283 1348 2349 rivere3
1366 2283 1490 2353 diligere,
1503 2283 1584 2349 salrrs,
1600 2284 1688 2354 sequi,
1704 2283 1802 2356 gloria,
1813 2300 1879 2341 con·

1084 2376 1160 2446 sequi
1180 2390 1316 2430 summum
1336 2374 1447 2430 bornum.
1464 2375 1577 2443 Quodsi
1593 2391 1646 2432 nuo
1669 2377 1768 2433 sntiicit
1789 2379 1877 2449 ipsum

1085 2467 1225 2522 attendere
1248 2466 1366 2521 llcrbum
1387 2467 1414 2520 ln
1442 2467 1503 2521 sinn
1526 2466 1626 2531 Patris,
1642 2467 1686 2522 urbi
1710 2476 1752 2523 est
1773 2470 1878 2525 solidus

1085 2552 1162 2605 cibus
1175 2550 1321 2617 gandium;
1344 2553 1386 2606 rel
1399 2566 1506 2607 meeum
1521 2554 1632 2609 attende
1647 2555 1734 2623 ipsum
1755 2556 1783 2609 in
1798 2566 1878 2625 partu

1085 2639 1203 2708 Virginis
1225 2638 1390 2702 breviatum,
1404 2640 1430 2693 in
1457 2640 1526 2695 lacte
1549 2642 1677 2710 virgineae
1690 2644 1782 2700 earnis
1801 2661 1879 2701 com·

1086 2729 1231 2790 minutum,
1246 2737 1275 2783 ut
1289 2728 1508 2784 sorbiciunculas
1529 2731 1628 2786 lrabeat
1642 2732 1756 2788 balantia
1774 2751 1877 2805 parru-

1086 2820 1185 2878 lornm.
1208 2818 1329 2876 Verbum
1354 2821 1454 2891 quippe
1477 2823 1660 2894 omnipotens,
1677 2825 1747 2882 sicut
1759 2842 1809 2882 sua
1826 2844 1877 2898 po·

1086 2919 1183 2966 testate
1194 2925 1245 2965 nos
1256 2912 1376 2966 condidit
1387 2928 1394 2976 ;
1406 2912 1447 2966 sic
1456 2926 1505 2966 sua
1518 2913 1692 2970 miseratione
1706 2931 1756 2973 nos
1767 2919 1875 2983 releclt;

1084 3011 1111 3058 et
1126 3004 1353 3074 quemadmodum
1368 3003 1523 3059 innocentia
1537 3019 1593 3059 sule
1611 3005 1809 3064 bramiliatioois
1826 3025 1878 3065 nos

244 3095 349 3150 bearis!
366 3094 433 3148 Cum
458 3095 528 3148 enim
554 3095 594 3149 sis
618 3108 702 3148 carne
725 3094 887 3163 corruptior,
902 3094 956 3147 vira
973 3110 1068 3191 pee-C
1084 3095 1184 3160 erudit,
1200 3094 1237 3148 ita
1254 3095 1413 3149 innocentia
1428 3096 1555 3163 passione
1573 3096 1699 3152 redemit.
1715 3098 1792 3155 Facti
1808 3116 1877 3170 ergo

244 3187 299 3242 cati
316 3187 432 3256 turpior,
453 3185 540 3240 insius
564 3186 677 3240 rationis
699 3185 833 3241 abusione
852 3184 1033 3256 insipientior,

244 3270 367 3347 corporis
392 3292 498 3346 ortoque
528 3276 655 3331 sensibus
681 3276 837 3344 irrualidior,
868 3277 1035 3348 obligatione

244 3368 342 3424 mortis
374 3375 482 3422 ateruac
510 3365 655 3432 infelicior,
685 3367 747 3421 darm
781 3367 808 3421 in
838 3367 880 3422 lris
910 3368 1035 3424 orrrnibns

245 3461 293 3515 tibi
306 3461 456 3530 jumentum
478 3457 623 3527 praecellit,
641 3458 713 3512 uude
735 3457 762 3512 in
781 3467 807 3514 ιε
828 3459 965 3528 captivata
983 3476 1032 3514 na·

245 3562 305 3608 tura
331 3551 468 3621 superbit?
494 3550 623 3620 praecellis
648 3558 738 3604 tameo
767 3551 917 3621 pecudibus
943 3553 1034 3607 insitae

245 3645 358 3699 rationis
370 3643 514 3706 lreuedelo,
528 3643 676 3707 seeundum
687 3656 769 3712 qrram
782 3642 830 3698 tibi
844 3643 975 3713 impressa
992 3652 1034 3700 est

245 3736 413 3792 nobilissima
429 3734 585 3788 Conditoris
601 3735 700 3805 iruago.
725 3734 840 3789 Ratione
862 3734 912 3799 uti,
926 3742 956 3788 ut
968 3749 1033 3790 con-

243 3829 327 3893 reuit,
339 3838 380 3883 est
392 3829 550 3897 impressam
564 3841 674 3880 seruare
690 3825 850 3895 irrragiuem;
867 3824 942 3878 illum
954 3824 1033 3893 crtjns

245 3919 335 3989 imago
348 3918 471 3986 diligere,
493 3927 534 3972 est
555 3916 612 3986 ejus
637 3916 755 3971 retinere
773 3916 990 3970 similitudinem.
1012 3915 1035 3970 u

243 4017 355 4078 quantae
376 4018 417 4063 est
437 4006 574 4064 felicitatis
592 4016 619 4061 ει
641 4004 734 4077 glorie
758 4014 915 4061 ereaturam
932 4020 982 4060 suo
998 4007 1036 4059 si·

245 4099 337 4154 milem
354 4100 410 4155 llerl
425 4099 564 4155 Creatori!
582 4097 656 4152 llane
681 4096 758 4152 vobis
787 4104 899 4167 praestat
921 4096 1035 4165 gloriam

245 4191 347 4247 sotoris
370 4191 523 4255 sinceritas,
539 4206 602 4259 quo,
616 4189 679 4243 dnum
704 4189 760 4243 lieo
781 4189 938 4244 conlormes
952 4189 1036 4244 ellini-

1086 3186 1121 3241 ab
1136 3186 1204 3255 ipso,
1218 3185 1311 3241 relecti
1325 3200 1374 3256 pcr
1388 3187 1673 3257 ipsum,com·iramus
1684 3190 1747 3259 ipsi,
1761 3206 1877 3249 conser-

1086 3290 1179 3331 semur
1195 3277 1222 3331 in
1237 3277 1305 3346 ipso,
1321 3277 1385 3346 quia
1398 3276 1487 3346 ipsum
1504 3278 1606 3333 sentire
1619 3288 1648 3332 et
1658 3292 1756 3347 sapere
1770 3281 1879 3336 erlrila-

1086 3366 1352 3433 rateonscientiam;
1371 3368 1458 3436 ipsum
1478 3367 1590 3423 laudare
1603 3378 1631 3424 et
1644 3360 1779 3426 honorare
1802 3385 1878 3427 eom·

1087 3457 1199 3512 mendat
1211 3458 1324 3521 lauram,
1338 3458 1397 3526 ipsu
1408 3456 1462 3512 trul
1475 3467 1503 3513 et
1519 3458 1621 3529 perlrul
1635 3468 1746 3530 preestet
1760 3459 1876 3532 gloriam

1086 3548 1292 3619 sempiternam,
1307 3548 1403 3604 Amen.

1358 3639 1525 3696 teutstotn
1545 3640 1605 3701 XX.

1333 3749 1368 3787 ao
1393 3748 1419 3788 a.
1449 3749 1483 3788 ss
1510 3749 1629 3790 strumo.

1249 3823 1306 3877 Piis
1323 3840 1383 3878 curu
1398 3823 1525 3892 informat
1543 3825 1705 3879 serotoniirrs

1124 3913 1238 3968 Dourion
1261 3921 1289 3967 et
1313 3913 1401 3966 amieo
1416 3927 1465 3967 suo
1490 3913 1620 3982 magistro
1640 3913 1674 3968 ll.
1697 3914 1875 3985 deltonem,

1088 4004 1174 4057 trater
1190 4007 1266 4057 daus
1281 4004 1371 4057 dictus
1382 4001 1466 4056 abbas
1478 4002 1621 4070 Perseniae,
1637 4020 1733 4074 sapere
1743 4021 1804 4076 que
1816 4023 1877 4064 sur·

1087 4110 1145 4149 sum
1159 4103 1234 4161 srtnt,
1248 4110 1300 4149 uun
1317 4110 1377 4164 qrroe
1392 4107 1598 4165 superterram.

1122 4184 1158 4240 llt
1178 4199 1238 4252 qum
1263 4185 1372 4240 deuotio
1390 4194 1453 4252 tua,
1470 4185 1556 4242 lrater
1570 4187 1768 4253 amantissime,
1785 4188 1875 4256 petiit,

246 4299 319 4348 mur,
332 4297 508 4338 exsecramur
522 4283 647 4337 orrrnibns
666 4280 754 4335 modis
772 4280 893 4336 maculas
907 4291 1035 4349 peceato·
1086 4285 1115 4332 et
1125 4291 1184 4345 qrrar
1196 4275 1338 4346 imperitiae
1349 4292 1415 4331 mee
1424 4276 1549 4344 premisit
1565 4277 1755 4348 praecipitatio,
1767 4280 1876 4336 tandem

246 4389 316 4427 rum.
340 4374 424 4428 Amor
449 4373 575 4428 rriarirnm
599 4381 711 4426 sanctus
733 4386 766 4425 eo
785 4379 827 4426 est
849 4367 1035 4437 corruptionis
1087 4367 1197 4437 impleat
1210 4381 1295 4423 sacrae
1312 4369 1431 4422 studium
1444 4369 1598 4435 eharitatis,
1621 4371 1712 4440 arguis
1732 4384 1776 4424 me
1798 4385 1877 4425 men·

246 4464 401 4533 impatiens,
416 4478 469 4534 orto
483 4478 590 4533 semper
609 4463 730 4516 unitatum
753 4463 787 4517 ad
809 4460 973 4517 desiderium
992 4461 1029 4514 in·
1048 4459 1167 4525 ndacii,
1179 4460 1250 4529 quod
1272 4459 1383 4513 minime
1402 4459 1536 4527 promissa
1551 4458 1689 4515 solverim.
1713 4458 1762 4516 Est
1783 4474 1878 4531 repre·

246 4556 428 4623 corruptionis
442 4554 576 4610 accendit.

282 4644 345 4699 llaec
355 4646 478 4701 extentio
487 4645 614 4700 desiderii
626 4660 721 4714 rugam
733 4642 900 4714 duplicitatis
913 4642 940 4695 in
953 4639 1036 4695 corde

245 4749 299 4789 nuo
317 4737 429 4802 patitur,
447 4736 605 4806 pariterque
621 4741 754 4789 tumorem
776 4732 902 4787 elationis
914 4730 1035 4799 elongat.

245 4829 355 4885 llruoris
371 4830 450 4900 liujus
466 4830 619 4899 benignitas
641 4828 754 4882 livorem
777 4825 855 4896 lugat
874 4823 994 4886 invidie,
1010 4830 1037 4876 et

244 4920 356 4989 opponit
374 4920 420 4974 irae
441 4919 560 4974 tontibus
579 4917 750 4974 dulcedinem
773 4914 903 4971 lenitatis.
926 4911 1037 4967 durioris

246 5009 373 5065 alacritas
394 5011 560 5064 anxietatem
583 5007 703 5065 excludit
730 5005 865 5071 tristitie,
892 5012 919 5058 et
941 5011 1036 5057 coldra

246 5100 424 5168 rapacitatem
446 5100 568 5154 avaritiae
588 5097 700 5154 exbibet
720 5096 871 5151 antidotum
890 5093 1036 5162 largitatis.

245 5187 314 5242 ‘lem
329 5190 437 5246 sobrius
459 5199 501 5245 est
520 5197 631 5243 sanctus
650 5202 737 5252 amor,
752 5193 781 5240 ut
800 5186 863 5255 qnia
883 5194 1036 5253 suspectam

244 5293 354 5351 semper
369 5281 450 5335 lrabct
465 5281 557 5335 carratis
572 5279 726 5344 mollitiem,
741 5277 810 5348 gulae
823 5285 852 5332 et
866 5275 953 5331 ventri
973 5273 1037 5327 solit

244 5371 440 5440 parcimoniam
453 5371 611 5443 principari.
627 5370 743 5426 Tantum
758 5369 783 5425 ci
802 5368 891 5438 plaeet
906 5369 1036 5423 lrencsta·

246 5463 282 5516 tis
305 5464 485 5532 propositum,
501 5472 529 5517 et
555 5470 629 5516 tanta
644 5469 687 5517 est
707 5460 731 5515 ei
753 5460 780 5514 iu
796 5457 930 5515 seruanda
951 5456 1038 5511 lrone·

245 5562 320 5609 state
333 5553 551 5622 circumspectio,
565 5564 594 5605 ιιι
609 5568 662 5608 non
673 5550 757 5606 medo
772 5550 920 5605 loeditatem
936 5546 1038 5602 abomi-

246 5651 327 5698 netur
345 5644 470 5708 luxurise,
485 5641 533 5698 sed
544 5657 594 5698 nee
608 5643 691 5697 etiam
708 5641 844 5710 respicere
856 5639 944 5693 ualeat
959 5637 1037 5706 quiid·

247 5734 313 5804 quid
339 5743 429 5804 potest
453 5749 514 5789 esse
541 5743 621 5788 tannae
649 5733 827 5804 turpitudinis
848 5729 1034 5796 incentivume

371 5833 508 5890 Parnon.
530 5828 624 5891 CClll

1087 4550 1230 4606 nerrdeuda
1245 4550 1347 4604 obliuio
1366 4565 1427 4619 qrrae
1445 4552 1608 4620 promissum
1624 4549 1685 4605 tldei
1700 4565 1750 4606 suo
1770 4549 1878 4606 fraudat

1086 4643 1194 4699 ellectu.
1211 4642 1289 4696 Nune
1299 4642 1381 4712 igitur
1393 4642 1414 4696 si
1430 4642 1501 4711 apud
1514 4651 1538 4695 ιε
1548 4652 1591 4698 εει
1604 4642 1681 4695 loeus
1694 4643 1875 4711 penitentiae,

1087 4733 1258 4804 negligentiae
1272 4746 1339 4786 anese
1353 4730 1432 4787 (labis
1446 4730 1565 4794 veniam,
1576 4731 1638 4797 quia
1652 4729 1732 4784 lateri
1748 4729 1807 4785 sine
1822 4738 1877 4784 tor·

1087 4830 1179 4878 mento
1205 4821 1377 4877 contusionis
1401 4835 1454 4875 non
1480 4819 1568 4874 audeo
1591 4833 1634 4873 me
1658 4817 1705 4872 tibi
1730 4818 1877 4887 aliquando

1087 4915 1173 4970 tuisse
1194 4915 1349 4970 mentitum.
1374 4914 1476 4968 Devote
1497 4912 1588 4979 itaque
1609 4910 1681 4979 petis
1695 4918 1724 4964 et
1736 4911 1878 4981 ,instanter

1087 5005 1180 5077 pulsas
1191 5005 1224 5059 ad
1236 5003 1348 5069 ostium,
1361 5013 1389 5058 ut
1406 5002 1455 5057 tibi
1469 5002 1606 5057 scribatur
1615 4999 1721 5076 ¹aliquid
1731 5001 1802 5057 unde
1813 5017 1878 5058 nor·

1087 5107 1159 5147 mam
1173 5092 1199 5145 in
1215 5099 1241 5144 te
1255 5090 1386 5159 excipias,
1400 5090 1477 5161 quasi
1490 5099 1538 5144 aut
1551 5090 1647 5146 doctus
1657 5098 1704 5145 aut
1716 5099 1811 5160 potens
1824 5090 1877 5147 sim

1088 5179 1225 5251 magistris
1244 5179 1418 5233 correctioris
1439 5179 1501 5234 ritae
1524 5180 1632 5234 tradere
1656 5179 1793 5234 instituta.
1816 5176 1877 5233 Nun

1087 5285 1178 5327 sermo
1199 5270 1264 5325 mibi
1282 5277 1336 5324 tam
1350 5280 1460 5338 poteras,
1482 5285 1537 5324 non
1552 5269 1607 5324 rita
1631 5278 1686 5323 tam
1701 5266 1877 5336 venerabilia,

1088 5379 1141 5419 non
1164 5371 1217 5417 tam
1235 5360 1375 5431 conspicui
1397 5376 1497 5426 mores,
1514 5369 1544 5416 ut
1560 5375 1621 5416 esse
1640 5357 1743 5413 valeam
1762 5367 1810 5412 aut
1828 5357 1877 5414 de-

1087 5457 1166 5512 bearn
1178 5454 1348 5523 sapientibus
1361 5451 1389 5507 in
1403 5452 1568 5522 erernplum.
1584 5448 1687 5504 ierom
1709 5449 1792 5503 totius
1804 5447 1877 5503 dire·

1088 5547 1188 5604 ctionls
1208 5545 1289 5611 linea,
1303 5544 1336 5600 ad
1353 5558 1435 5614 quam
1449 5556 1555 5597 morum
1569 5538 1740 5610 irraequalitas
1754 5546 1782 5592 et
1791 5537 1878 5593 animi

1088 5638 1219 5694 tortitudo
1231 5635 1455 5705 deprehenditur,
1466 5633 1592 5688 Christus
1605 5643 1658 5696 εει,
1672 5629 1751 5700 eujus
1764 5629 1878 5684 subesse

1088 5728 1245 5799 magisterio
1262 5741 1368 5784 summa
1391 5725 1525 5796 sapientia
1543 5732 1594 5791 est,
1613 5721 1690 5791 an'us
1703 5721 1796 5777 terulse
1812 5720 1878 5775 sub·

1587 5817 1703 5877 et
