4425 6450
339 396 394 456 ιιι
852 387 1035 484 Ιιιιιιιιι
1055 388 1295 446 tornacensis
1312 389 1465 448 ertscorr
1785 345 1817 369 ⁴'
1916 394 1970 449 tot

341 516 488 574 tenebatur
503 522 532 571 et
552 514 712 570 innocentes
734 511 885 580 absoluere,
907 526 933 570 et
951 513 1049 568 noxios
1065 527 1131 567 con·
1146 517 1167 574 A
1184 526 1251 581 papa
1270 512 1381 567 domino
1396 510 1521 566 narnensi
1538 510 1744 582 archiepiscopo
1765 511 1970 567 excusationem

339 609 482 664 deumare.
499 606 640 663 Neminem
660 613 763 671 tamen,
788 617 819 661 ut
839 607 899 676 ipse
919 606 1075 670 coralltctur,
1095 604 1129 659 ad
1181 609 1281 678 negotii
1297 607 1445 671 corntnisit,
1463 604 1622 672 parvitatem
1638 620 1725 660 rrreanr
1743 611 1826 658 tanto
1842 605 1970 673 potestati

339 699 501 756 effusionem
516 699 658 767 sanguinis
671 713 720 755 ore
736 700 847 769 proprio
862 700 1066 763 condemnarit,
1081 700 1129 754 sed
1184 706 1314 767 tanquam
1337 698 1433 768 ligiam
1463 695 1585 763 Herculi,
1600 706 1629 751 ct
1640 696 1755 750 urticam
1771 694 1828 749 lilio
1841 694 1968 763 Jurrgens,

339 789 481 846 consessus
506 798 554 844 aut
581 790 722 845 coartatos
748 790 782 845 de
809 789 939 856 crirrrine,
966 790 1130 846 earnmuniu
1181 789 1226 857 qui
1242 789 1402 843 maculatum
1415 787 1607 858 apostolicum,
1623 788 1645 843 si
1659 788 1766 842 desides
1777 786 1968 856 apparueritis,

337 878 527 947 Ambiauensi
542 879 674 949 adquam
692 878 826 948 judicium
848 879 991 948 sanguinis
1013 864 1128 949 spectat,
1184 879 1307 949 implebit
1327 896 1379 935 non
1396 881 1487 936 tatinus
1508 878 1636 934 celeriter
1657 894 1737 948 quam
1760 887 1896 948 potenter.
1917 877 1971 931 Νο-

336 974 488 1031 secundum
508 974 581 1043 quod
601 974 747 1030 proruisset
769 987 842 1037 rens,
861 971 1025 1043 judicandos
1045 986 1129 1041 expo·
1180 971 1250 1026 verit
1274 980 1365 1026 autem
1386 970 1532 1039 prudentia
1557 982 1658 1033 restra,
1682 970 1811 1039 qnoniam
1829 968 1970 1039 acceptius

336 1066 393 1124 suit
407 1077 436 1120 et
452 1065 622 1137 plectendos,
642 1065 706 1122 lnrle
724 1074 818 1122 secuta
841 1064 919 1136 165
941 1074 983 1120 est
1004 1063 1128 1133 capitalis
1179 1071 1222 1117 cst
1246 1072 1427 1133 spontaneum
1449 1063 1612 1119 beneticium
1636 1077 1719 1133 quam
1742 1062 1968 1127 involuntarium,

335 1172 416 1226 porra
432 1157 592 1225 nrultarum,
607 1157 669 1214 aliis
683 1158 837 1227 suspensis,
852 1157 914 1214 ali'ts
939 1164 1019 1227 prout
1036 1156 1128 1225 exige-
1179 1155 1327 1227 gratuitum
1342 1170 1424 1225 aptam
1438 1163 1586 1212 extortum.

335 1250 383 1305 bat
409 1250 577 1306 consuetudo
602 1250 694 1305 taliter
707 1250 908 1314 damnatorum,
923 1249 1004 1304 aliter
1018 1248 1131 1303 irater-ie.

335 1339 515 1397 casimirum
525 1337 1127 1412 ranenodtaatrepecuniasireatiquoatto

335 1442 431 1486 contra
443 1431 579 1503 justitiam
594 1430 693 1488 allecta
707 1431 871 1503 supradictae
881 1431 1045 1487 communite
1055 1430 1127 1498 iudi-

334 1521 453 1575 eatrdum
469 1522 594 1592 exposuit
608 1530 656 1578 aut
675 1521 871 1579 demirandam.
897 1521 1033 1577 Reversus
1055 1522 1082 1577 in
1097 1536 1127 1579 se

336 1612 502 1673 renuntiarit
515 1613 558 1669 bis
568 1614 696 1670 omnibus
712 1624 738 1670 et
753 1616 903 1686 caradignus
918 1614 1023 1670 fructus
1035 1614 1125 1685 poerri·

1439 1268 1606 1327 epistota
1626 1269 1707 1326 CXV.

1213 1401 1248 1442 so
1270 1398 1407 1445 roteoaert
1430 1399 1585 1449 steterumt
1608 1399 1766 1444 scaournurt,
1791 1398 1816 1442 s.
1840 1399 1933 1447 eructa

1409 1497 1417 1513 f
1430 1456 1639 1510 uunrurraeusts
1652 1455 1720 1525 (88).

1179 1548 1264 1617 Rogat
1286 1558 1312 1601 ot
1329 1549 1399 1604 sinat
1415 1550 1555 1618 queuntium
1572 1548 1698 1602 clericam
1718 1548 1821 1613 pontice
1837 1547 1921 1617 legere
1941 1550 1971 1606 io.

1425 1617 1516 1671 scirala
1528 1617 1725 1673 Aurelianensi.

336 1705 427 1760 tentiae
446 1705 647 1776 coracipiensiu
666 1707 770 1774 animo,
786 1708 841 1763 lieo
864 1706 969 1763 sarrire
988 1706 1015 1765 ta
1034 1722 1126 1762 sacer·
1213 1710 1357 1767 llelestum
1382 1709 1450 1764 mibi
1474 1717 1518 1765 cst
1546 1710 1653 1779 quoties
1678 1709 1797 1779 aliquem
1823 1724 1866 1764 mo
1878 1719 1968 1771 estare

334 1794 420 1850 dotali
437 1797 534 1852 urdine
554 1797 692 1855 desiderat
706 1797 867 1856 etaiicctat.
893 1798 1030 1870 Susclplte
1054 1798 1128 1855 desi·
1177 1803 1339 1873 conrpcllor,
1368 1801 1520 1872 prasertim
1546 1801 1673 1857 dominos
1697 1815 1783 1867 tucos,
1810 1801 1911 1871 quibus
1926 1804 1971 1859 vel·

333 1890 440 1945 derium
463 1889 534 1961 ejus,
551 1898 579 1946 et
593 1890 741 1947 salubriter
764 1892 789 1947 ei
804 1892 951 1958 consulite,
975 1902 1126 1961 temperato
1177 1897 1213 1951 ob
1239 1896 1398 1949 meritorum
1415 1892 1544 1964 gratiam,
1566 1891 1608 1948 rel
1622 1893 1657 1948 ab
1673 1895 1856 1950 reverentiam
1880 1895 1967 1967 digni·

333 1993 383 2051 per
395 1980 628 2052 dispensationem
642 1983 740 2055 rigore,
755 1999 789 2039 ne
802 1983 1013 2039 absorbeatura
1033 1984 1121 2038 tristi·
1178 1986 1242 2042 tatis
1267 1998 1413 2056 assurgere
1441 1994 1538 2041 teneor
1557 1993 1586 2039 et
1607 1984 1725 2039 serrlrc.
1751 1984 1842 2040 Unum
1867 2000 1901 2039 ex
1927 1987 1967 2040 eis

334 2073 384 2139 tia,
410 2074 433 2129 si
456 2074 482 2129 ei
510 2073 554 2136 ria
574 2074 663 2133 divini
684 2075 807 2145 mysterii
830 2074 986 2144 claudatur,
1012 2076 1057 2147 qni
1084 2076 1125 2132 sie
1176 2093 1225 2135 aas
1247 2080 1366 2146 aestimo,
1384 2074 1463 2145 cujus
1478 2076 1609 2131 bonorem
1625 2076 1717 2130 tainus
1733 2076 1759 2130 in
1772 2076 1865 2132 causis
1878 2075 1967 2132 oden-

334 2164 439 2236 plangit
454 2164 585 2233 admissa,
601 2174 630 2220 ut
645 2180 700 2229 non
713 2166 843 2222 admittat
858 2166 1022 2254 plangenda.

588 2270 756 2330 uersibus
773 2272 866 2330 exit.

332 2377 367 2417 ιο
387 2378 509 2420 nectatur
529 2380 565 2421 rr
583 2380 736 2437 caetratos
749 2380 775 2424 r.
790 2381 883 2422 caucis
900 2382 1121 2425 tuneuttueasts.

333 2452 467 2523 Hortatur
482 2474 536 2526 eas,
558 2468 586 2512 ot
608 2459 715 2526 caldam
736 2458 842 2524 clerica,
862 2463 889 2514 in
912 2463 988 2531 eujus
1008 2465 1123 2533 gronam

392 2544 462 2596 papa
481 2528 547 2598 ipsis
565 2530 717 2599 scripserat,
732 2546 760 2584 re
772 2541 897 2600 prestent
913 2533 1059 2592 benevolos.

366 2617 501 2676 Paternas
519 2620 626 2676 Domini
642 2637 719 2692 papae
730 2637 836 2693 preces,
858 2625 988 2691 monitus,
1002 2636 1030 2681 et
1046 2642 1123 2690 ntan-

331 2711 406 2779 data,
431 2720 507 2768 tanta
529 2714 636 2769 debetis
655 2713 797 2771 hilaritate
819 2731 852 2771 ac
871 2717 1010 2789 diligentia
1033 2720 1122 2775 strsci·

332 2819 413 2875 pere,
427 2814 457 2859 ut
475 2804 635 2861 obedientia
653 2817 746 2869 restra
765 2806 889 2863 divinam
907 2811 985 2866 rubis
1006 2812 1122 2882 gratiam

330 2908 470 2967 oocuparet
494 2906 522 2953 ct
545 2898 705 2962 humanam.
738 2899 773 2960 Ei
795 2901 925 2969 quoniam
946 2918 995 2974 pro
1017 2902 1122 2959 ioanne

330 2986 418 3042 latore
435 2988 516 3060 16ss
529 2988 704 3058 presentium
727 2990 828 3047 clerico
846 3002 939 3049 restro
955 2996 982 3049 in
997 2996 1121 3052 Ecclesia

330 3088 421 3134 restra
443 3081 564 3135 enutrito
585 3089 612 3136 et
633 3080 749 3137 adtracta
770 3098 894 3140 sutrmrns
918 3085 1038 3154 pentilus
1063 3104 1121 3144 rua-

1175 2172 1241 2227 derc
1257 2186 1340 2239 quam
1360 2168 1508 2224 defendere
1528 2183 1587 2224 sum
1611 2175 1733 2240 paratus.
1760 2167 1812 2224 Sed
1836 2168 1969 2239 qnoniam·

1176 2262 1305 2318 nraodata
1317 2259 1467 2331 apostolica
1483 2268 1614 2329 tanquam
1629 2258 1702 2313 muri
1716 2267 1780 2314 sunt
1796 2258 1883 2323 orbis,
1898 2273 1968 2328 quos

1177 2355 1316 2412 transilire
1336 2370 1390 2410 non
1411 2353 1496 2409 lieet:
1514 2368 1548 2409 eo
1564 2361 1670 2407 terrore
1687 2365 1844 2422 percussus,
1861 2367 1895 2407 nc
1910 2349 1963 2405 llo·

1176 2446 1258 2505 mulei
1278 2446 1375 2502 lratris
1395 2444 1453 2516 (87)
1472 2452 1577 2501 sortem
1601 2441 1681 2499 simul
1702 2442 1780 2513 167
1795 2457 1827 2497 ac
1848 2451 1963 2498 mortem

1177 2539 1277 2611 capitis
1297 2538 1446 2595 antissiune
1465 2536 1563 2594 saltem
1584 2536 1704 2591 ciuiliter
1720 2536 1875 2602 incurram;
1893 2538 1965 2590 sicut

1174 2633 1263 2701 primo
1284 2645 1332 2688 ros
1354 2644 1587 2693 comaronueram,
1605 2628 1684 2684 itaet
1700 2630 1819 2684 secunda
1842 2642 1964 2684 cornrno-

1174 2723 1280 2779 uitione
1305 2722 1383 2780 robis
1405 2723 1533 2790 consulo,
1548 2731 1580 2777 ιι
1592 2721 1751 2791 aragistrum
1764 2721 1798 2777 G.
1814 2722 1963 2775 secumdum

1174 2822 1333 2877 mandatum
1357 2819 1460 2877 domini
1485 2833 1563 2891 papae
1582 2817 1657 2873 licite
1677 2817 1768 2888 legere
1787 2816 1961 2886 permittatis.

1174 2911 1253 2979 Quod
1268 2911 1291 2966 si
1306 2909 1377 2965 lorte
1398 2909 1551 2973 nolueritis,
1574 2907 1759 2978 peremptoria
1783 2906 1862 2961 uelim
1879 2906 1964 2959 nolim

1174 3001 1252 3058 robis
1266 3000 1357 3056 edicta
1373 3000 1517 3064 denuntio,
1536 3007 1567 3054 ut
1578 3000 1665 3068 prima
1680 2999 1724 3054 die
1745 2997 1815 3053 lunae
1837 2998 1963 3053 instantis

1173 3095 1315 3150 Adventus
1343 3092 1478 3147 bortriniei
1503 3090 1626 3146 Parisios
1647 3091 1774 3146 cumdem
1797 3089 1831 3145 G.
1855 3092 1888 3146 ad
1908 3092 1962 3147 rarle

330 3170 437 3238 ne⁰d⁰r
460 3173 582 3243 rogando
595 3179 625 3232 et
638 3174 793 3231 mandando
817 3175 931 3245 scripsit
952 3178 1046 3244 toblsr
1070 3189 1156 3251 agac
1175 3187 1294 3258 regimen
1308 3184 1463 3241 scholarum
1480 3183 1571 3239 miuus
1586 3183 1714 3240 idoneum
1731 3183 1894 3240 ostendatis.

329 3276 441 3342 quoque
460 3266 532 3323 sieut
552 3267 669 3324 clericus
683 3281 710 3325 et
725 3269 831 3326 amicus
852 3279 953 3338 uester,
974 3286 1072 3328 utronea
1092 3281 1119 3328 et

330 3357 457 3425 consula,
473 3367 503 3417 ut
520 3359 547 3414 ia
563 3361 696 3429 petitione
710 3361 833 3432 predicti
847 3361 942 3419 clerici
956 3364 1119 3421 benevolam

329 3449 410 3507 simul
434 3457 462 3505 et
485 3450 634 3516 bencilcam¹
661 3467 770 3516 uranum
791 3462 910 3509 vestram
933 3453 1066 3524 aperiatis
1080 3453 1119 3519 ei,

329 3541 460 3610 quoniam
475 3550 553 3597 lanto
572 3541 648 3599 Patri
672 3559 727 3601 tran
750 3559 848 3616 parere
871 3546 964 3617 perire
985 3558 1040 3615 est,
1064 3563 1119 3603 non

329 3630 444 3688 obedire
467 3632 555 3688 obire.
580 3633 688 3701 Maneat
707 3651 755 3695 roa
767 3637 871 3708 pariter
883 3647 911 3694 et
925 3647 1035 3698 moneat
1045 3639 1121 3709 ejus·

329 3725 392 3781 dem
410 3726 504 3785 clerici
523 3743 577 3784 non
596 3728 738 3786 inbanesta
758 3740 919 3801 paupertas,
947 3747 1000 3789 non
1027 3732 1118 3803 ignota

329 3821 469 3888 nativitas,
494 3837 547 3878 oran
569 3821 711 3878 illitterata
733 3823 873 3894 pubertas.
885 3824 999 3881 Accedit
1018 3826 1052 3882 ad
1067 3840 1118 3880 cu·

329 3912 433 3968 rnatum
444 3921 471 3970 et
486 3912 627 3977 stimulum
641 3913 781 3997 petitionis
796 3915 888 3987 buius,
910 3919 982 3989 qaod
993 3918 1120 3982 dominus

364 4048 422 4121 (86)
445 4049 512 4107 Cum
536 4065 585 4121 per
605 4051 722 4109 eoncilia
744 4057 876 4106 statutum
901 4052 993 4118 irretit,
1023 4063 1052 4110 nt
1072 4072 1119 4112 sa·

329 4134 394 4175 eras
409 4120 568 4191 disciplinas
581 4137 614 4177 ac
628 4123 711 4176 ctiam
727 4122 858 4191 prolanas
873 4122 999 4193 jarriores
1018 4125 1121 4182 edoce·

328 4197 435 4253 rentur,
456 4192 530 4246 sieut
551 4191 654 4262 legitur
669 4193 697 4247 in
710 4204 817 4246 canone
832 4191 865 4247 lb
885 4194 993 4249 conscilii
1008 4194 1121 4251 ‘iulien-

330 4260 380 4325 sis,
401 4275 474 4316 anno
493 4261 558 4325 858,
580 4266 631 4317 sub
653 4260 752 4317 Carolo
766 4259 872 4318 Calvo:
888 4262 1120 4321 «Constituantur

329 4331 452 4399 undique
469 4331 572 4386 sebolae
589 4331 716 4400 publicae,
731 4339 762 4384 ut
777 4331 920 4400 utriusque
942 4335 1117 4401 eruditionis,

328 4399 428 4454 diuina·
451 4401 557 4456 seilicet
576 4415 604 4456 et
618 4402 743 4456 lrumanre
765 4400 793 4455 in
806 4399 930 4456 Ecclesia
948 4402 994 4458 bet
1008 4403 1116 4463 lructus

1382 3300 1463 3372 108
1476 3297 1643 3356 aristosa
1660 3299 1753 3356 cxii.

1207 3409 1241 3449 ιο
1263 3407 1435 3449 sustentatura
1455 3406 1596 3451 neurusert
1618 3407 1844 3450 armitentseoruu
1858 3392 1925 3463 (88).

1172 3483 1240 3556 Ejus
1252 3483 1380 3555 'implorat
1405 3483 1537 3539 auxilium
1553 3498 1601 3551 pro
1618 3487 1733 3548 qaedam
1754 3487 1851 3538 tostico
1865 3503 1880 3539 a
1893 3487 1961 3556 ragis

1373 3555 1503 3609 ministris
1512 3555 1611 3624 injuste
1625 3569 1759 3625 oppresso.

1206 3647 1362 3718 Augustani
1384 3659 1439 3712 me,
1454 3661 1488 3701 ne
1500 3654 1616 3716 augusto
1629 3660 1757 3701 sermone
1767 3646 1887 3702 scribant
1914 3662 1962 3699 ιο-

1171 3738 1224 3801 bis,
1238 3722 1303 3793 lriac
1319 3736 1471 3793 necessitas
1487 3738 1591 3791 niensis
1605 3736 1733 3808 Augusti,
1749 3739 1811 3793 inde
1825 3738 1961 3793 festivitas

1171 3828 1263 3884 Patris
1285 3827 1443 3898 Augustini.
1463 3827 1491 3881 ln
1505 3828 1643 3896 primores
1659 3827 1801 3882 lamiliaris
1822 3839 1849 3884 ct
1864 3829 1960 3885 dome·

1172 3920 1297 3985 arestica,
1317 3919 1349 3988 ,in
1374 3918 1497 3974 secundo
1520 3929 1587 3974 eura
1613 3918 1758 3986 pastoralis
1781 3927 1806 3972 et
1829 3920 1959 3973 carrucata

1170 4053 1314 4123 magistro,
1330 4049 1377 4120 qni
1398 4049 1516 4106 clericos
1535 4048 1654 4118 ejusdcm
1668 4048 1792 4104 ecclcsiae
1809 4066 1840 4104 ac
1852 4050 1960 4103 sclmla·

1170 4137 1215 4177 res
1232 4121 1319 4191 gratis
1344 4121 1452 4183 doceat,
1481 4130 1639 4189 competens
1660 4119 1768 4190 aliquod
1797 4121 1959 4174 tornaricium

1170 4193 1336 4260 assignetur,
1352 4205 1408 4259 quo
1422 4190 1550 4246 docentis
1572 4191 1723 4245 necessitas
1752 4189 1919 4253 archierean,
1933 4200 1960 4244 et

1170 4262 1339 4316 discentibus
1358 4262 1402 4315 via
1421 4269 1514 4329 pateat
1527 4261 1561 4314 ad
1576 4258 1740 4314 doctrinam.
1759 4279 1769 4312 r
1787 4261 1826 4313 ad
1848 4277 1894 4314 eos
1908 4276 1959 4314 au·

1170 4341 1225 4386 tent
1237 4330 1377 4401 spectabat
1403 4331 1510 4386 caeteris
1525 4330 1662 4401 tnagistris
1680 4330 1793 4385 docendi
1820 4330 1958 4385 licentiam

1168 4415 1201 4456 ac
1215 4400 1372 4456 facultatem
1384 4400 1514 4465 tribuere,
1530 4401 1696 4470 quodetiam
1713 4416 1786 4455 nrrnc
1802 4400 1959 4455 cancellarii

328 4468 420 4524 salem
435 4483 601 4527 accrescere.
619 4488 630 4522 ι
645 4469 772 4538 Legituus
786 4479 878 4526 autem
902 4471 929 4527 in
951 4471 1116 4538 capitolari-
1171 4472 1377 4526 academiarum
1398 4485 1429 4525 ae
1441 4469 1652 4525 utrirersitatunr
1665 4480 1807 4539 prestant.
1823 4471 1960 4538 Arguebat

328 4539 376 4592 im
396 4537 566 4611 Tbeodulpbi
578 4540 787 4598 Aurelianensis
811 4541 944 4612 episcopi,
970 4559 1021 4615 cap
1062 4548 1094 4602 tb
1109 4567 1116 4602 :
1133 4538 1366 4599 baranniam
1388 4541 1414 4595 ln
1430 4540 1571 4605 decretali,
1586 4543 1718 4610 quostiam
1732 4558 1764 4596 ex
1786 4543 1818 4596 iis
1835 4543 1880 4608 qui
1897 4556 1959 4594 sur·

330 4608 380 4664 «Si
394 4611 503 4679 quises
517 4611 686 4684 presbyteris
701 4610 817 4667 soluerit
832 4623 960 4682 nepotem
975 4629 1053 4671 suum
1072 4628 1121 4674 aut

328 4677 446 4748 aliquem
463 4684 696 4754 consanguineum
711 4683 745 4737 atl
762 4682 884 4739 scholam
907 4685 1016 4741 mittero
1034 4688 1060 4741 in
1073 4701 1119 4745 ec·

327 4748 412 4806 alesia
428 4751 458 4806 S.
473 4750 581 4819 Crucis,
605 4763 651 4805 nut
670 4751 697 4805 in
721 4755 890 4809 arorrasterio
911 4754 1005 4810 Sancti
1019 4757 1118 4814 Arriani

327 4830 375 4874 aut
391 4819 486 4876 Sancti
503 4820 704 4892 Liplrardi,aut
720 4823 747 4876 in
761 4824 867 4891 caeteris
881 4825 915 4882 de
930 4825 972 4889 bis
986 4827 1120 4889 coenobiis

326 4902 391 4961 qrrar
403 4893 483 4946 stabis
494 4893 527 4945 ad
544 4902 694 4969 regendum
708 4907 838 4948 concessa
853 4907 928 4960 susat,
940 4897 965 4951 ei
982 4897 1117 4952 licentiam

327 4957 355 5014 iil
372 4960 488 5015 t'aciemli
503 4964 688 5018 concedimus.
708 4980 717 5013 r
736 4964 803 5018 Cum
821 4978 887 5037 ergo
903 4965 1005 5034 luerint
1020 4968 1054 5022 ab
1070 4984 1119 5022 atr-

327 5029 412 5098 tiquis
434 5032 603 5102 temporibus
636 5035 738 5088 scitula·
763 5033 878 5102 publiea
901 5038 927 5092 in
955 5037 1069 5092 ecelesia
1087 5042 1116 5094 S.

326 5099 423 5155 Crtrris
436 5101 652 5168 Aurelianensis,
681 5104 776 5158 debuit
788 5105 869 5159 etlam
882 5122 943 5164 esse
959 5108 986 5162 io
1002 5108 1057 5172 illa,
1078 5111 1118 5164 si·

326 5180 373 5226 cut
387 5173 414 5224 la
439 5173 546 5228 noteris
570 5174 698 5237 ecclesiis
715 5174 928 5243 cathedralibus,
948 5178 1080 5247 magister
1090 5187 1118 5233 rt

325 5240 492 5311 prepositus
518 5242 629 5314 quidam
648 5247 694 5314 qui
708 5258 755 5299 cas
769 5247 969 5313 arroderaretur,
993 5259 1020 5302 et
1034 5263 1118 5325 penes

277 5330 286 5343 ¹
326 5324 408 5379 quent
427 5322 501 5369 esset
528 5313 614 5373 totius
628 5319 667 5372 rei
692 5314 831 5374 litterariae
854 5320 986 5387 regiorcn.
1008 5316 1117 5375 Variam

326 5391 421 5438 autem
437 5385 553 5440 sortitus
566 5394 608 5440 est
621 5386 647 5440 ln
660 5386 744 5441 variis
759 5387 883 5443 caeteros
894 5387 1115 5463 appellationem.

326 5450 396 5507 liant
413 5455 493 5511 niodo
508 5454 643 5517 sclroioris
657 5466 684 5511 ct
707 5457 837 5528 tnagister
850 5459 1020 5524 sclrolarurn,
1037 5462 1118 5515 arado

304 5546 309 5557 ·
326 5525 508 5585 cancellarius
522 5534 551 5581 et
566 5524 708 5597 tbsologus
720 5527 871 5597 appellatos
889 5538 942 5583 est.
955 5527 992 5583 be
1004 5529 1047 5590 bis
1061 5532 1118 5600 agi-

327 5592 413 5648 turin
425 5611 486 5651 carr.
504 5595 538 5652 tt
551 5597 661 5653 concilii
672 5598 704 5652 ΙΙΙ
720 5596 910 5665 Latarancosis
929 5598 973 5653 bis
1000 5601 1092 5655 verbis
1108 5621 1115 5655 ε

328 5679 338 5715 ι
358 5660 399 5719 Ns
419 5667 586 5738 praepetibus
601 5670 646 5738 qui
672 5676 813 5738 parentum
830 5669 927 5738 opibus
944 5669 1035 5736 jurari
1062 5687 1115 5724 nun

327 5746 450 5814 passuro,
464 5737 570 5810 legendi
584 5749 612 5794 et
621 5738 781 5809 prolieicudi
796 5741 985 5807 opportunitas
1004 5745 1045 5797 sut
1059 5752 1115 5795 tra·

328 5815 420 5883 itabat,
445 5823 492 5878 per
521 5823 741 5881 ttrrutnqaamquo
767 5811 911 5868 ecclesiam
929 5813 1115 5870 cadretlralcm

1172 4613 1235 4667 dido
1252 4611 1333 4666 rrituis
1344 4621 1450 4680 quaestu
1464 4613 1594 4680 pecunias
1609 4612 1643 4664 ad
1660 4611 1814 4682 hujusmodi
1832 4610 1958 4665 lieetrtias

1171 4681 1360 4738 concedendas
1379 4682 1518 4752 magistras
1546 4680 1711 4751 exigebant:
1732 4700 1741 4730 r
1760 4680 1848 4736 Tanto
1879 4681 1959 4734 selre-

1170 4753 1343 4815 erectiori.»
1369 4752 1475 4823 inquit,
1501 4753 1762 4808 rarriruatlrcrsioue
1786 4766 1834 4807 eos
1864 4751 1958 4820 dignos

1171 4836 1325 4887 censemus,
1341 4824 1387 4893 qni
1406 4836 1504 4878 nornen
1522 4823 1645 4891 trragistri
1661 4822 1816 4877 scholarum
1830 4829 1857 4875 et
1871 4821 1960 4890 mgni-

1172 4901 1255 4947 tatem
1270 4905 1424 4961 assumunt,
1448 4903 1476 4949 ct
1491 4894 1551 4948 sine
1565 4904 1653 4962 pretio
1678 4890 1874 4948 ecclesiasticis
1893 4892 1961 4945 uiris

1171 4963 1286 5019 docendi
1300 4965 1370 5020 alias
1385 4965 1524 5019 licentiam
1540 4977 1593 5017 non
1607 4962 1778 5033 impendunt.
1795 4982 1804 5013 r

1205 5034 1263 5106 (87)
1277 5035 1382 5090 illudit
1395 5035 1428 5088 ad
1451 5034 1478 5089 id
1493 5032 1566 5104 quod
1595 5040 1723 5086 narratur
1750 5034 1783 5087 tle
1797 5031 1895 5096 Remo,
1912 5032 1959 5099 qui

1170 5106 1253 5173 periit
1268 5116 1381 5175 propter
1393 5103 1639 5174 transgressionem
1652 5113 1679 5157 et
1698 5112 1886 5172 contemptum
1900 5103 1960 5156 cdi·

1169 5176 1206 5230 eti
1220 5176 1362 5231 iratrisstti
1379 5175 1485 5228 llornuli
1502 5172 1577 5228 urbis
1601 5172 1761 5234 conditoris.

1205 5246 1262 5317 (88)
1276 5246 1355 5300 Patet
1369 5246 1440 5301 harre
1449 5242 1591 5313 epistolam
1603 5243 1854 5311 conscriptamesse
1864 5257 1959 5296 meuse

1169 5316 1293 5386 Augusto
1318 5319 1392 5371 circa
1415 5313 1515 5370 lustum
1530 5315 1559 5367 S.
1575 5312 1730 5384 Augustini.
1746 5314 1813 5369 Cum
1835 5313 1959 5380 loquitur

1169 5387 1203 5440 tle
1214 5386 1380 5442 tracessitate
1398 5385 1499 5440 aretrsis
1511 5384 1636 5453 Augusti,
1652 5385 1728 5439 etde
1748 5397 1812 5439 cura
1825 5384 1851 5437 in
1866 5398 1900 5436 eu
1919 5383 1957 5433 rai

1169 5455 1322 5522 lautitiaris,
1338 5454 1544 5527 intelligendam
1556 5468 1598 5508 est
1611 5457 1645 5510 de
1670 5456 1780 5523 instanti
1797 5467 1885 5508 messe
1896 5467 1957 5521 qam

1170 5541 1222 5582 nou
1241 5528 1378 5583 mediocre
1405 5526 1559 5583 lacessebat
1573 5525 1664 5580 abbati
1686 5537 1789 5592 trostru,
1803 5524 1842 5594 rei
1863 5525 1956 5577 dorna·

1169 5599 1245 5654 sticte
1259 5600 1384 5667 provido,
1398 5598 1547 5668 nogotium,
1559 5596 1660 5666 quippe
1677 5596 1722 5668 qui
1737 5610 1818 5666 agras
1829 5611 1862 5648 ae
1877 5590 1958 5646 uillas

1168 5685 1233 5726 snas
1248 5671 1361 5739 proprio
1373 5672 1466 5726 labore
1483 5677 1509 5722 et
1523 5670 1633 5736 surrqrtu
1653 5683 1700 5738 pcr
1716 5665 1911 5734 carrrunicorum
1927 5678 1958 5715 ac

1169 5755 1362 5796 catrtcrsurom
1377 5741 1560 5796 ministerum
1575 5740 1691 5795 colebat.
