4425 6450
348 370 402 427 565
858 355 1033 415 sauettsut
1053 354 1290 415 louulcuusts
1308 352 1460 413 uutscout
1919 356 1975 415 ὅθι

350 484 453 548 monia,
473 488 503 536 ur
519 478 624 537 quobus
646 484 750 533 tantum
772 470 918 546 pulme'utis
942 481 1062 537 utantur,
1079 486 1140 541 qaae
1154 475 1177 534 Α
1192 467 1257 539 quiu
1270 468 1303 523 dc
1317 467 1405 523 ltostia
1420 481 1468 522 sna
1484 465 1613 524 Dominus
1629 468 1750 524 lactarus
1761 468 1806 536 sit,
1821 486 1882 526 cum
1894 474 1977 529 silen-

351 585 398 630 θυι
425 589 491 644 age,
516 587 550 629 ex
568 569 761 641 teguminibus,
784 581 832 624 aut
854 582 886 625 ex
903 566 1025 622 oleribus
1039 565 1138 621 hortus
1190 560 1229 615 tio
1249 560 1386 629 patienter
1408 567 1546 627 exspecta.
1560 558 1630 625 Quid
1652 559 1700 616 tibi
1724 574 1786 614 cum
1811 564 1977 631 rumoribus,

351 665 444 722 0ffqrr.
463 662 605 734 lpsipisce
623 668 701 714 tanto
722 658 811 712 rarius
827 666 950 721 utuntur,
967 664 1069 724 quanto
1085 655 1139 709 lre-
1190 652 1248 721 qui,
1265 661 1312 705 arrt
1323 652 1356 704 dc
1372 650 1487 719 negotiis
1509 650 1672 719 principum,
1689 660 1736 705 aut
1750 651 1783 707 de
1798 655 1980 721 promotioni·

352 752 482 823 quentiae
497 750 567 820 apud
590 762 640 803 eos
665 746 752 802 audiri
768 746 839 801 solet
861 759 943 816 quam
961 744 1056 799 videri.
1074 744 1140 799 Ter·
1190 742 1241 798 bus
1257 742 1430 805 clericorum,
1447 751 1493 794 aut
1504 740 1559 812 97
1570 742 1603 795 de
1619 743 1696 797 ranis
1711 744 1884 813 opinionibus
1905 748 1977 818 uulgi

352 859 411 898 ram
437 843 607 910 disrumpunt
635 839 791 904 uoluntarii,
820 846 847 893 et
871 836 982 892 violenti
1008 835 1140 905 diripiunt

353 935 464 990 caelum.
483 934 512 988 Si
528 946 655 988 nurrterss
673 941 740 1001 quot
761 932 795 987 ab
807 930 846 986 eis
860 930 991 986 bertellcia
1006 926 1141 997 profluant

355 1028 381 1080 in
408 1026 548 1097 populum,
573 1025 651 1095 plura
681 1024 827 1080 conserunt
852 1022 1023 1078 universitati
1057 1035 1140 1092 quarn

354 1118 518 1172 universitas
535 1118 610 1187 ipsis.
627 1116 715 1172 Parra
730 1123 794 1171 sunt
817 1116 886 1179 brec,
901 1123 1000 1184 etquae
1016 1122 1141 1169 terrenos

354 1208 397 1262 rel
419 1207 543 1264 alliciant
569 1208 611 1263 vel
639 1216 774 1277 occupent
798 1207 944 1277 appetitus.
971 1206 1000 1260 ln
1024 1205 1065 1261 eis
1090 1219 1141 1259 uec

355 1299 515 1354 iucunditati
537 1298 594 1353 Liae
616 1297 719 1353 llaebel
743 1297 858 1363 inridet,
885 1309 936 1351 uec
957 1292 1060 1350 llaclrcl
1082 1293 1142 1364 pul·

355 1390 538 1445 eluitudinem
556 1390 603 1445 bia
620 1389 788 1459 minuit,sed
800 1388 897 1444 munit.
913 1386 972 1442 lion
988 1391 1142 1440 murmurat

356 1482 461 1537 llartlra
477 1482 510 1538 de
531 1482 641 1539 silentio
664 1481 770 1548 llarim,
787 1489 814 1537 et
827 1481 925 1536 mirum
948 1478 1037 1534 dictu!
1058 1476 1141 1530 ilaris

356 1574 452 1629 sedens
464 1574 498 1628 ad
514 1574 595 1645 pedes
609 1572 715 1628 Domini
734 1571 867 1627 llartltetu
883 1570 970 1626 solam
986 1568 1143 1623 ministrare

356 1681 410 1720 ιιοιι
425 1665 564 1734 relinquit.
580 1662 656 1720 luter
679 1677 726 1719 eos
739 1663 803 1733 juge
824 1662 963 1733 gaudium,
987 1658 1143 1715 communis

355 1753 511 1819 exsultatio,
528 1754 574 1808 ubi
592 1752 660 1807 nilrtl
681 1761 758 1807 extre
785 1750 968 1823 disciplinatu,
984 1750 1051 1805 nttut
1078 1766 1143 1806 cou-

1191 835 1339 891 dicuutur?
1353 834 1422 902 Quid
1438 836 1485 890 tibi
1508 851 1568 890 cum
1590 836 1686 891 otiosis
1711 837 1812 901 verbis,
1827 838 1860 892 de
1882 841 1981 909 quibus

1191 927 1324 981 rationem
1341 923 1470 979 reddituri
1490 935 1553 979 suut
1570 925 1692 981 lrorniues
1706 926 1734 979 in
1755 926 1798 980 die
1816 927 1934 993 judicii?
1947 930 1981 983 Et

1191 1016 1282 1071 baecsi
1302 1017 1328 1070 in
1352 1014 1487 1083 aliquibus
1501 1015 1627 1072 claustris
1650 1016 1870 1086 frequentantur,
1893 1030 1920 1074 tu
1937 1023 1979 1079 ri·

1192 1107 1275 1163 deris.
1290 1106 1347 1163 tiri
1364 1106 1400 1162 illi
1416 1107 1564 1179 evangelici
1579 1117 1607 1163 et
1621 1108 1748 1178 angelici,
1771 1125 1826 1165 non
1852 1123 1916 1169 stmt
1932 1114 1980 1172 dlii

1193 1198 1281 1254 noctis
1294 1212 1345 1253 nec
1355 1196 1539 1265 tenebrarum,
1553 1200 1678 1269 quoniam
1690 1201 1729 1255 sic
1742 1200 1814 1255 lucet
1828 1201 1982 1263 lurcorum

1193 1302 1284 1344 coram
1302 1288 1472 1354 bominibus,
1493 1300 1523 1345 ut
1537 1292 1660 1346 ridentes
1674 1307 1756 1363 opera
1768 1308 1874 1362 eorrrm,
1895 1299 1980 1368 glori.

1193 1376 1275 1433 dcent
1286 1378 1394 1434 Patrem
1407 1394 1486 1435 suum
1511 1381 1598 1450 quiin
1625 1382 1703 1437 coelis
1718 1394 1771 1439 est.
1788 1387 1982 1456 Spectaculum

1194 1476 1292 1523 suntet
1304 1468 1406 1538 augelis
1416 1478 1443 1524 et
1458 1470 1621 1537 bominibus,
1635 1484 1665 1527 ut
1676 1489 1708 1529 ex
1723 1489 1817 1530 coruru
1832 1479 1980 1535 manilcsta

1194 1559 1401 1615 conversatione
1412 1569 1439 1617 et
1454 1562 1542 1631 auqcli
1554 1565 1797 1633 congratulationis
1814 1572 1942 1638 gaudium
1954 1584 1982 1627 ct

1195 1647 1318 1704 homines
1327 1664 1437 1706 sumant
1448 1653 1608 1712 imitationis
1618 1660 1781 1729 exemplum.
1792 1662 1819 1716 lu
1830 1662 1876 1719 illo
1887 1676 1984 1721 sancto

1195 1741 1309 1812 collegio
1321 1744 1353 1799 de
1369 1744 1502 1801 fermento
1517 1746 1719 1804 etartsaeorum
1735 1753 1778 1807 rel
1790 1755 1929 1837 simulatio
1941 1761 1983 1813 rel

356 1853 408 1898 m·
437 1843 571 1898 Miramur
597 1843 738 1907 homines,
761 1841 933 1897 demum,
965 1842 1008 1896 qq,
1036 1841 1141 1912 amq,
1160 1826 1983 1906 Bdissimulatiouitrilpenitusintcrrniscet.lleceuimaut

355 1936 461 2007 sugium
486 1943 580 2006 parles
595 1936 728 1999 adversm,
744 1933 873 2003 quoniam
898 1941 993 1987 „nepa
1016 1933 1060 1986 qq,
1075 1947 1142 1988 con·
1195 1922 1324 1977 simulare
1344 1938 1404 1993 quse
1421 1939 1474 1980 non
1492 1936 1567 1995 sunt,
1586 1941 1632 1985 aut
1648 1948 1708 2001 quse
1729 1942 1792 1989 sunt
1808 1936 1983 1995 dissinrulare

358 2029 479 2100 preputio
496 2026 623 2083 terribilis
637 2034 678 2081 est
698 2034 727 2079 ut
741 2032 893 2081 castrorum
916 2024 990 2080 acies
1005 2024 1142 2079 ordinata.
1195 2012 1299 2075 V⁰¹d¹lb
1316 2014 1433 2072 ⁸0¹⁶¹¹¹0⁸
1456 2019 1529 2088 ll¹¹⁰d
1544 2021 1716 2078 simulatores
1735 2036 1763 2079 ⁰¹
1776 2026 1867 2083 Ciuili
1880 2045 1984 2098 lll⁰l⁰·

355 2117 565 2177 lllicneebobus
577 2116 861 2188 praeferturaratruut,
876 2131 951 2171 neca
966 2117 1054 2186 capite
1065 2118 1146 2171 deor·
1195 2112 1258 2158 ‘³¹¹²
1271 2104 1338 2159 isim
1354 2106 1413 2163 ⁰05·
1431 2107 1514 2164 ¹¹¹¹fi¹
1529 2111 1643 2180 ‘lul'illel
1656 2116 1791 2184 ‘illidii’ei
1814 2134 1907 2174 ⁰⁰l¹¹¹¹¹
1924 2122 1982 2177 ⁰ffi·

356 2227 416 2267 sum
427 2212 531 2281 pendet
542 2210 679 2277 dominus.
696 2189 838 2263 „effidima
850 2209 927 2263 docel
943 2207 1082 2272 opstipum,
1094 2223 1145 2263 „ep
1195 2195 1272 2250 cinus
1291 2205 1318 2250 et
1340 2198 1509 2268 singulorum
1532 2200 1617 2258 officia
1639 2206 1722 2260 certis
1738 2208 1864 2264 distincta
1883 2212 1983 2269 statibus

358 2304 442 2358 laicus
470 2304 585 2372 imperat
607 2302 755 2358 sacerdoti.
780 2300 818 2356 lbi
844 2300 959 2369 majores
982 2301 1143 2367 rrrlnoribus,

357 2397 547 2466 prudentiores
561 2405 679 2466 praesunt
691 2394 817 2459 indoctis,
829 2394 874 2462 qui
886 2404 913 2449 et
924 2394 985 2447 titre
997 2392 1145 2446 sanctitate

359 2491 553 2559 praeemiucut,
568 2497 595 2544 et
615 2488 790 2558 intelligentia
812 2486 1026 2556 scripturarum.
1040 2486 1067 2538 ln
1081 2499 1144 2539 arca

358 2582 400 2636 illa
414 2598 467 2638 nou
487 2590 529 2637 est
549 2582 624 2651 virga
649 2582 708 2637 sine
730 2580 831 2652 lloysis
848 2580 946 2636 tabulis
972 2579 1143 2645 testantenti;

356 2674 430 2745 quia,
456 2675 502 2743 qui
526 2681 688 2742 potestatem
709 2673 792 2728 babet
815 2672 991 2740 corripiendi,
1013 2671 1095 2726 babel
1115 2680 1145 2727 ct

356 2763 495 2820 scientiam
509 2763 673 2833 corrigendi.
688 2762 744 2834 96
762 2762 859 2818 llirina
882 2762 970 2816 ullicia
986 2777 1047 2816 cunr
1070 2770 1144 2817 tanta

357 2855 529 2911 solemnitate
550 2864 578 2911 et
602 2855 744 2910 deuotione
767 2853 916 2917 celebrant,
940 2861 969 2907 ut
994 2853 1021 2906 in
1047 2867 1144 2908 eorum

1195 2295 1343 2343 attrectare
1357 2291 1496 2358 titanibus,
1509 2296 1595 2350 oculis
1612 2297 1729 2354 curiosis
1749 2301 1892 2371 inspicere,
1908 2308 1983 2361 aesti·

1195 2391 1270 2433 arare
1290 2382 1392 2446 artiruo,
1411 2384 1500 2454 lingua
1528 2386 1675 2455 dijudicare
1706 2403 1803 2463 potest.
1832 2395 1887 2451 Nec
1910 2400 1983 2454 enirn

1196 2469 1332 2526 declinant
1347 2475 1495 2531 lrumanum
1506 2478 1648 2548 judicium,
1665 2486 1710 2552 qui
1727 2485 1814 2539 solum
1831 2489 1928 2545 tintcnt
1943 2491 1984 2545 di·

1196 2561 1298 2620 uinunr.
1315 2562 1421 2622 Veritas
1435 2571 1547 2639 aragulos
1568 2586 1621 2626 nou
1640 2575 1731 2642 lrabet,
1749 2579 1795 2632 sed
1813 2581 1903 2650 auguli
1924 2597 1984 2637 sor-

1195 2652 1244 2709 des
1255 2654 1367 2711 balneat.
1383 2658 1526 2729 blenrento,
1547 2667 1672 2736 quisquis
1692 2684 1733 2734 es,
1749 2671 1794 2740 qui
1812 2672 1907 2743 jugum
1930 2676 1983 2730 llu-

1198 2747 1263 2799 uuui
1277 2752 1442 2818 proposuisti
1463 2759 1618 2824 portareab
1641 2762 1822 2816 adolescentia
1841 2775 1897 2831 lua,
1919 2770 1983 2836 quiri

1197 2838 1357 2907 aliquando,
1373 2843 1406 2898 dc
1421 2847 1581 2914 quibusdam
1602 2867 1670 2921 quos
1693 2870 1826 2924 naturas,
1843 2870 1869 2912 tu
1886 2873 1913 2915 ct
1938 2877 1982 2915 so-

357 2957 491 3002 coucentu
505 2960 586 3002 voees
603 2945 760 3017 augelorum
774 2954 979 3015 souareputcs;
993 2945 1104 3016 psalmis
1117 2952 1145 3001 et
1196 2935 1256 2989 ⁰5⁰⁸
1286 2945 1349 2991 ‘¹¹⁰⁸
1371 2939 1520 3008 scripsistis
1546 2952 1574 2995 θῑ
1599 2945 1728 3001 ⁶5¹5⁸¹⁵⁸²
1746 2966 1755 2999 ¹
1775 2949 1803 3004 5¹
1823 2954 1884 3020 quis
1908 2956 1981 3024 ‘1⁰⁰¹'

360 3037 503 3107 ttynntset
518 3035 633 3091 canutus
646 3034 832 3105 speraremus
851 3034 884 3088 au
902 3033 994 3088 anns
1014 3034 1060 3088 uer
1075 3034 1145 3088 ruer·
1197 3026 1540 3101 uetustissimusque
1559 3032 1684 3097 intrudit·
1701 3041 1938 3106 peu-utentum„
1954 3065 1983 3100 ιι

359 3137 417 3181 rara
430 3127 553 3183 {nomines
567 3135 595 3181 et
609 3123 719 3197 angelos
733 3124 885 3179 imitantur.
906 3123 1051 3179 Lalcorum
1066 3123 1144 3179 fanu.
1158 3159 1181 3221 c
1197 3119 1348 3174 coustituit.
1366 3138 1376 3171 ι
1395 3120 1458 3177 Esto
1468 3124 1566 3177 similis
1580 3127 1742 3196 rteqottarort
1754 3136 1885 3198 quaerenti
1900 3136 1984 3190 bonars

359 3219 392 3273 lis
408 3218 539 3275 interesse
554 3232 607 3273 nou
622 3216 802 3283 delectantur,
814 3221 842 3269 et
852 3221 927 3269 tanto
942 3214 1146 3271 remotiussnnt

360 3313 394 3365 ab
416 3311 467 3373 eis,
492 3318 595 3378 quanto
609 3308 719 3364 cbristo
736 3307 849 3362 deuotus
872 3305 1048 3360 larnulautur.
1061 3304 1145 3360 Extra

358 3402 506 3456 oratorium
521 3410 567 3454 aut
579 3400 654 3470 operi
669 3413 797 3452 rnanuuut
810 3398 875 3452 dant
889 3411 1012 3468 operam,
1025 3405 1055 3451 ut
1073 3411 1146 3451 sem-

361 3509 409 3562 pcr
428 3508 475 3548 eus
494 3493 617 3548 diabolus
640 3492 762 3547 inueniat
779 3503 941 3560 occupatos3
963 3497 1010 3545 aut
1030 3489 1145 3561 legendo

359 3585 528 3657 concipluat;
542 3593 588 3638 aut
610 3584 713 3639 sanctis
728 3582 950 3638 meditationibus
964 3581 1049 3637 caelus
1062 3597 1146 3654 pene-

359 3686 443 3743 trant,
456 3685 484 3730 ut
499 3677 525 3730 iu
541 3674 669 3745 paradiso
681 3674 793 3731 audiant
809 3674 853 3730 illa
866 3688 965 3730 arcana
985 3675 1066 3728 rerba
1084 3689 1145 3744 quae

361 3781 415 3823 non
438 3767 500 3822 licet
519 3767 621 3822 bomini
639 3766 724 3837 loqui.
740 3766 868 3838 Regressi
884 3780 898 3820 a
914 3767 1021 3836 superis
1042 3775 1144 3821 tantam

359 3862 400 3914 uri
426 3874 475 3914 suo
491 3865 595 3929 ponunt
618 3857 779 3922 custodiam,
808 3866 911 3912 tautum
936 3858 1036 3912 ostium
1066 3856 1145 3912 labiis

359 3951 427 4015 suls,
451 3957 481 4004 ut
500 3949 600 4005 cultum
617 3946 732 4017 iustitiae
751 3947 902 4012 siletttium,
933 3961 967 4003 ue
994 3947 1146 4002 articularis

359 4041 467 4112 quidem
481 4039 594 4097 roribus
618 4041 830 4110 interrumpunt.
846 4037 904 4093 Nun
931 4038 987 4092 bini
1013 4045 1059 4092 aut
1074 4038 1144 4093 terni

360 4144 481 4185 seorsum
493 4144 541 4199 per
552 4126 666 4198 anqulos
678 4128 790 4184 claustri
806 4127 907 4182 sabulis
918 4136 1024 4193 racaut,
1039 4127 1085 4196 qui
1096 4142 1146 4180 uec

1198 3211 1374 3280 margat-itas.
1388 3210 1490 3268 Borraru
1505 3213 1630 3271 invertisti
1646 3221 1832 3290 margaritam,
1846 3227 1888 3278 cni
1904 3230 1981 3281 sirni-

1197 3299 1249 3356 lem
1275 3316 1328 3356 nou
1343 3302 1443 3358 lrabeat
1462 3305 1506 3361 tel
1529 3323 1621 3378 regum
1640 3312 1801 3380 diadctnata‚
1817 3318 1858 3372 rel
1873 3321 1983 3375 tuouilia

1198 3396 1364 3464 reginarum.
1392 3396 1543 3456 Vctrdidisti
1572 3405 1664 3459 omnia
1692 3421 1752 3475 quae
1785 3410 1920 3467 lrabucras
1956 3424 1985 3468 et

1197 3484 1286 3539 eruisti
1307 3499 1388 3552 cam3
1417 3490 1546 3557 qnoniam
1572 3494 1660 3561 prirno
1683 3508 1827 3567 parentes,
1852 3505 1983 3573 patriam,

1197 3577 1319 3633 redditus
1333 3580 1549 3650 ecclesiasticos,
1561 3586 1669 3642 divitias
1682 3598 1709 3644 et
1722 3592 1844 3660 delicias,
1862 3594 1984 3653 lubricos

1196 3669 1387 3726 adolescentiae
1409 3684 1509 3738 rnotus,
1530 3677 1694 3746 uoluptatem
1713 3683 1817 3750 pariter
1841 3693 1869 3740 et
1887 3689 1985 3742 ruluu-

1197 3768 1279 3818 tutem
1296 3764 1431 3835 reliquisti
1446 3767 1595 3825 carnalem.
1613 3771 1739 3829 Secundo
1754 3776 1787 3831 ab
1799 3777 1833 3832 iis
1843 3795 1904 3849 quse
1921 3796 1984 3850 pro·

1197 3867 1338 3922 posueras,
1360 3858 1393 3910 ad
1418 3857 1529 3918 meliora
1551 3864 1697 3918 transitum
1714 3865 1827 3932 laciens,
1855 3885 1984 3929 consura-

1197 3956 1286 4003 matus
1310 3949 1336 4003 iu
1351 3948 1426 4006 brevi
1448 3953 1571 4022 explebis
1592 3964 1713 4026 tempora
1739 3958 1833 4014 multa.
1855 3961 1933 4031 Vide,
1949 3979 1984 4020 ne

1197 4040 1385 4110 margaritam,
1407 4057 1489 4111 quant
1505 4047 1574 4100 tanti
1589 4048 1697 4112 emisti..
1706 4053 1797 4120 porcis
1816 4054 1983 4112 conculcan-

1197 4130 1258 4184 darn
1271 4146 1401 4200 exponas.
1414 4133 1471 4205 90
1486 4135 1570 4192 llemo
1584 4139 1695 4195 mittens
1715 4157 1825 4198 martum
1849 4160 1925 4202 suam
1948 4151 1983 4202 ad

360 4224 431 4277 inter
444 4235 474 4276 se
487 4219 558 4274 seria
579 4232 669 4274 serere
693 4218 898 4288 permittuntur.
916 4214 1023 4271 'ferrent
1041 4228 1145 4269 tneuto·
1198 4233 1317 4277 sparsum
1339 4234 1367 4279 οι
1387 4226 1521 4296 ,sppcpens
1542 4238 1628 4296 mm,
1647 4240 1727 4302 amus
1750 4236 1804 4289 em
1825 4252 1909 4304 regno
1924 4241 1981 4295 Deio

360 4314 438 4379 riter,
451 4308 580 4381 quoniam
593 4309 619 4362 iu
633 4307 803 4376 multiloquio
821 4323 872 4362 nou
894 4305 1024 4376 elirrgicut
1046 4320 1146 4376 pecca·
1198 4308 1334 4384 Nunquid,
1348 4312 1465 4386 inquies,
1478 4317 1530 4372 lroc
1549 4327 1592 4373 cst
1604 4329 1679 4376 retro
1695 4325 1829 4393 aspicere,
1844 4326 1867 4380 si
1884 4328 1917 4382 au
1932 4329 1983 4384 qo.

361 4417 416 4457 rum
431 4412 459 4457 et
474 4399 550 4469 quasi
575 4408 678 4453 naturae
703 4397 802 4452 bellum
828 4396 989 4464 indicentes,
1007 4397 1145 4452 uredicutu
1199 4405 1344 4474 utrmquod
1364 4419 1569 4477 proposueram,
1583 4419 1610 4467 et
1622 4422 1732 4483 propter
1746 4416 1817 4483 quud
1833 4415 1906 4471 aliud
1925 4419 1982 4473 lor·

360 4493 424 4550 illud
440 4492 605 4553 metubrum,
619 4491 690 4560 quod
714 4503 811 4559 magna
833 4487 945 4553 exaltat,
961 4504 1014 4543 nou
1036 4489 1142 4544 modica
1160 4495 1268 4581 Dsitsn
1285 4494 1373 4564 majus
1389 4496 1489 4552 bonurn
1514 4500 1622 4555 iuterim
1638 4504 1795 4572 onriseram,
1812 4507 1929 4562 reditum
1942 4510 1984 4564 la·

363 4580 506 4653 disciplina
535 4588 672 4636 coerceat·
687 4578 815 4644 Attende,
830 4579 953 4648 quisquis
965 4593 994 4634 ⁰⁸
1006 4581 1084 4635 ll⁰dae
1104 4579 1146 4634 itt·
1198 4586 1287 4641 ciam?
1309 4584 1370 4641 Noli
1390 4588 1456 4642 milri
1469 4591 1591 4656 credere,
1605 4591 1654 4647 scd
1669 4603 1765 4649 sancto
1786 4594 1859 4650 Patri
1883 4597 1984 4670 Grego-

360 4672 428 4728 dolis
442 4671 612 4736 adolescens,
627 4670 673 4740 qui
688 4682 749 4723 cum
762 4669 835 4724 lsauc
852 4669 878 4724 in
892 4670 1080 4725 lrolocaustuur
1094 4670 1147 4724 llo·

360 4766 433 4818 utino
446 4756 527 4832 super
542 4777 625 4816 uuurn
648 4760 778 4815 montium
793 4758 887 4815 ollerri
909 4760 1060 4827 desideras,
1081 4761 1145 4829 quia

360 4868 415 4908 ratu
436 4862 531 4908 sancto
553 4863 581 4907 et
594 4852 671 4909 coelis
682 4854 806 4922 proxuuo
822 4861 919 4926 nutante
943 4855 1006 4921 isto,
1025 4864 1145 4908 ruentetu

360 4962 413 4998 uon
438 4943 558 4998 invenies
582 4944 768 5012 grandiorem.
792 4941 862 4998 lere
883 4958 961 4997 mons
987 4943 1048 5009 iste,
1066 4958 1145 5000 mons

358 5035 526 5104 coagulatus,
542 5050 619 5089 rtrans
629 5033 736 5104 pinquis
749 5048 756 5089 t
769 5034 939 5104 coagulatus,
952 5049 1002 5106 per
1014 5035 1143 5091 unionem

358 5127 470 5196 spiritus
486 5126 514 5180 itt
535 5125 642 5180 viuculo
657 5124 749 5195 pacis;
765 5126 883 5198 pinquis,
908 5142 958 5197 per
980 5125 1143 5184 inlusionem

358 5221 453 5291 gratiae
471 5218 602 5276 caelestis.
628 5216 694 5284 Quis
709 5219 821 5288 pratilis
846 5234 924 5273 rrtous
946 5219 1076 5288 qrartdior
1092 5218 1145 5274 isto

358 5311 466 5367 nauatei
478 5309 568 5367 Nubes
583 5319 718 5381 penetrat,
744 5311 828 5368 ettalus
842 5311 962 5384 attiuqit,
983 5311 1062 5383 lunge
1074 5311 1145 5369 inle-

357 5405 416 5460 rius
440 5410 545 5459 montes
560 5402 628 5457 alios
651 5409 680 5456 et
692 5401 776 5467 colles
793 5403 932 5473 relinquit,
951 5403 1061 5459 derare
1080 5404 1143 5460 cteli

357 5494 472 5564 desuper
487 5502 515 5549 et
529 5493 563 5549 de
581 5493 744 5564 pinguedine
759 5501 839 5550 terra·
858 5494 964 5563 plenam
978 5493 1077 5563 accipit
1097 5495 1144 5551 be·

356 5583 549 5640 nedictiouem.
575 5583 626 5638 llic
655 5583 728 5638 cuim
752 5599 767 5637 a
794 5583 946 5654 disciplinis
972 5584 1144 5656 regularibus

358 5673 510 5745 colligatus.
533 5674 668 5745 impositis
692 5673 741 5728 tibi
764 5673 846 5744 lignis
868 5672 1013 5731 domitrice
1036 5675 1142 5742 crucis,

357 5768 444 5821 sancti
460 5766 572 5823 terroris
588 5784 618 5823 ac
633 5768 775 5825 charitatis
790 5769 910 5825 ardentis
921 5769 982 5839 ique
994 5784 1149 5842 succense,

1198 4675 1239 4730 rio
1259 4675 1353 4742 crede;
1369 4691 1422 4733 nou
1448 4686 1473 4732 te
1496 4677 1570 4735 lallct
1592 4680 1636 4736 ille
1663 4683 1758 4740 doctor
1772 4661 1909 4755 egregius,
1924 4689 1981 4759 qui,

1196 4767 1268 4821 sicut
1288 4766 1381 4822 lallcre
1403 4767 1501 4833 noluit,
1530 4769 1586 4826 lulli
1612 4787 1665 4827 nou
1692 4773 1791 4841 potuit.
1811 4793 1820 4826 ι
1841 4778 1981 4848 Quisquis,

1197 4858 1294 4928 inquit,
1311 4858 1410 4914 bouum
1426 4861 1513 4929 majus
1525 4859 1618 4916 subire
1640 4865 1789 4933 proposuit,
1805 4864 1903 4920 bouum
1931 4870 1983 4923 mi·

1196 4963 1247 5004 atus
1258 4949 1380 5004 illicitum
1397 4950 1449 5005 sibi
1465 4952 1538 5006 iecit.
1553 4952 1720 5008 Netaoeniur
1740 4956 1851 5011 mittens
1869 4972 1982 5015 rnanuut

1196 5053 1273 5092 suam
1287 5039 1321 5093 ad
1333 5048 1466 5105 aratrum,
1482 5049 1538 5096 etc.
1554 5042 1604 5109 Qui
1626 5044 1699 5098 enirn
1717 5044 1824 5100 fortiori
1838 5047 1929 5103 studio
1940 5049 1984 5103 iu·

1197 5126 1292 5194 tendit,
1308 5129 1407 5186 rectius
1418 5130 1554 5200 respicere
1565 5133 1752 5201 convincitur,
1773 5137 1797 5192 si
1822 5137 1924 5194 relictis
1938 5140 1983 5196 bo·

1196 5221 1238 5276 uis
1251 5221 1429 5291 amplioribus
1444 5222 1478 5276 ad
1501 5224 1612 5280 ntiuirna
1628 5236 1813 5296 retorquetur.
1832 5229 1920 5286 tllaee
1937 5232 1984 5288 ille

1193 5324 1338 5369 successor
1360 5310 1447 5377 Petri,
1465 5313 1592 5369 columna
1607 5314 1745 5385 Ecclesia,
1767 5320 1981 5378 instrumentum

1195 5399 1314 5470 Spiritus
1329 5403 1428 5460 sancti.
1445 5403 1482 5458 Et
1504 5413 1531 5460 tu
1546 5405 1667 5474 dubitas,
1684 5408 1728 5464 ubi
1745 5419 1838 5469 tantus
1855 5413 1983 5485 vigilator

1194 5505 1297 5561 monet,
1307 5495 1437 5561 consulit,
1451 5495 1627 5553 docetllludi
1641 5501 1707 5570 quid
1717 5503 1803 5557 etiam
1818 5504 1893 5560 dicat
1907 5507 1980 5563 idcm

1193 5585 1275 5641 l'ater
1288 5597 1401 5642 sanctus
1417 5601 1500 5657 super
1522 5587 1713 5647 Ezechielem:
1732 5612 1742 5646 ι
1763 5593 1835 5651 Sunt
1856 5599 1982 5654 trorraulli

1193 5677 1239 5745 qui
1253 5677 1320 5733 bona
1335 5692 1395 5746 quae
1409 5687 1555 5742 troverunt,
1574 5691 1736 5751 operantur,
1749 5696 1831 5756 atquc
1846 5688 1904 5744 baec
1917 5706 1983 5760 upe-

1193 5778 1296 5838 reutes,
1320 5769 1431 5826 artellura
1452 5770 1621 5841 detineraat3
1635 5776 1684 5832 sed
1708 5786 1901 5847 retractantes,
1925 5799 1982 5837 utc-
