4425 6450
304 389 360 461 m
802 368 1394 472 mmmmmmw
1881 423 1935 479 m

303 527 359 577 non
372 510 518 578 intrarent.
534 523 637 579 liorem
655 517 707 580 sibl
722 527 924 593 coemeterium,
938 542 1026 585 noros
1038 544 1096 586 ma·
1108 535 1132 591 Α
1146 531 1219 588 tissae
1230 533 1264 588 de
1278 533 1380 591 Sancto
1394 514 1485 592 cirico
1500 536 1539 609 (i)
1554 537 1677 593 dedimus
1694 532 1720 592 in
1743 540 1890 615 intendatis,
1905 553 1934 597 nt

303 612 436 679 gistratus
449 611 616 675 scholarum,
630 626 716 669 noras
727 615 885 670 occasiones
901 617 1019 672 venandi
1041 633 1092 688 pa·
1122 621 1128 626 ”
1143 624 1304 691 praedictum
1319 625 1472 692 prodigium
1486 640 1502 680 a
1517 629 1715 695 prauorrrinata
1731 628 1811 683 domo
1826 639 1853 685 et
1872 632 1933 686 aliis

305 703 453 758 'roclrianos
475 700 579 755 alienos
594 703 646 757 sibi
662 705 775 760 coricedi
801 704 955 773 postulant,
974 717 1004 760 nt
1019 709 1092 776 orrod
1143 716 1269 771 domibus
1281 716 1338 769 suis
1351 728 1487 783 arrroveat,
1502 733 1553 774 nec
1567 720 1601 773 ad
1615 719 1734 789 aliquam
1749 735 1861 777 suarum
1883 723 1934 778 do.

308 790 371 845 aliis
385 789 569 854 detraxerint,
586 792 753 862 improbitati
775 810 832 850 succ
845 794 980 864 gaudeant
994 809 1091 851 acces·
1144 822 1250 861 „renum
1262 809 1295 863 de
1315 820 1416 864 caercco
1431 825 1584 881 regressum
1609 811 1709 867 babere
1724 814 1881 882 permittat;
1899 834 1933 872 nc

303 880 383 935 sisse.
401 880 563 948 Prot-idern,
580 883 672 949 Pater,
692 896 789 941 saneta
809 885 965 940 sollicitudo
981 895 1090 950 uestra,
1141 898 1280 967 simplices
1290 916 1356 957 orer
1378 901 1476 959 tealdus
1491 903 1585 960 hircus
1602 904 1704 960 irrneiat
1725 914 1752 961 et
1777 906 1932 978 iniquitatis

302 986 338 1027 ¹¹0
353 974 425 1041 quod
442 973 515 1029 beati
540 974 636 1033 Pallii
658 988 686 1034 et
704 980 862 1035 d0⁰e⁵⁵⁰l0⁵
875 979 959 1033 lesbi
971 980 1015 1047 pia
1029 977 1093 1032 ¹⁰¹5·
1139 991 1215 1047 lilius
1230 997 1419 1050 sanctuarium
1436 996 1484 1052 Dei
1494 996 1628 1066 sacrilega
1644 1000 1851 1055 corrncrsatione
1866 1016 1933 1070 pro·

301 1062 387 1130 glorie
413 1066 588 1135 regularibus
608 1078 815 1134 concesserunt,
838 1069 890 1124 sibi
913 1069 1091 1140 subreptione

301 1154 392 1225 aliqua
411 1157 484 1222 riori,
497 1159 541 1228 qui
557 1162 765 1231 superveniunt,
777 1171 959 1231 extorrpreunt
976 1162 1091 1216 saecula·

299 1264 355 1305 res.

547 1339 715 1397 celsinus
733 1340 848 1397 lxiiii.

412 1446 446 1484 ao
465 1447 584 1486 rorarent
605 1445 797 1488 rrurarrertsstt
818 1449 977 1490 errscoeurt.

388 1521 523 1575 Hortatur
546 1525 582 1576 od
609 1525 788 1577 consiuntt'um
817 1526 845 1579 t'n
870 1525 997 1579 etiucrsr’s.

335 1608 517 1665 Sarrctissirno
531 1612 641 1667 rioruino
665 1623 693 1666 et
708 1612 780 1666 Patri
804 1610 899 1667 loram
926 1611 1088 1668 Pictaviensi

297 1702 442 1773 episeopo,
463 1691 588 1772 spiritum
608 1702 715 1759 consilii
731 1713 758 1758 et
771 1703 953 1761 fortitudinis.
1057 1736 1060 1739 <

332 1793 361 1849 la
374 1780 518 1849 alilietioue
530 1803 621 1849 restra
631 1794 684 1864 (ἓ),
697 1794 789 1860 Pater,
802 1796 902 1851 ctelum
916 1805 944 1851 et
956 1806 1028 1853 terra
1041 1812 1089 1867 pa-

296 1886 535 1943 ritercommoreri
545 1882 813 1953 debent,el'a'rnantes
823 1890 849 1943 in
861 1890 973 1946 auribus
982 1889 1087 1946 bomini
1103 1886 1126 1941 B

293 1974 352 2054 89
371 1981 490 2037 Sabaoib
509 1978 619 2037 :liedda
635 1981 761 2037 ultionem
781 1984 899 2038 nostibus
919 1984 983 2049 inis,
1007 1984 1087 2038 stiria

294 2077 340 2146 qui
357 2084 382 2129 tr
401 2075 513 2130 oderunt
536 2077 652 2129 retribue
667 2073 769 2149 (Dent.
790 2076 890 2143 stratui.
917 2073 969 2130 sed
989 2083 1016 2131 ei
1037 2090 1087 2132 nos

293 2168 408 2223 minima
422 2169 511 2239 portio
524 2166 653 2223 Ecclesia
662 2160 721 2231 Dei,
736 2166 935 2235 compassionis
945 2168 1084 2225 rolrisenm

293 2260 409 2315 calicem
431 2260 551 2315 bibimus
571 2268 600 2315 et
616 2258 761 2325 uroeroris;
784 2260 811 2314 in
831 2259 904 2328 ligno
927 2260 1006 2325 uiridi
1025 2262 1085 2318 bare

292 2351 353 2408 beri
373 2360 525 2422 gementes,
546 2362 574 2405 et
586 2350 714 2407 timentes
734 2350 760 2405 in
776 2351 853 2408 arido
867 2351 1003 2406 deteriora
1013 2363 1086 2408 com·

290 2440 374 2514 pleri.
388 2441 500 2506 Nescio,
514 2431 789 2509 Pater,ancornpicti
805 2453 869 2496 sutrt
882 2442 919 2498 illi
934 2443 1008 2500 atille
1018 2442 1083 2498 anni

207 2516 213 2528 '
292 2531 552 2602 quibussolrendus
571 2540 630 2587 erat
648 2530 783 2599 Satanas;
808 2534 869 2602 cius
891 2535 1024 2591 satellites
1045 2535 1084 2590 ita

190 2691 196 2697 ‚
289 2623 395 2681 solutos
409 2625 542 2690 ridernits,
555 2631 585 2679 ut
605 2622 693 2693 ligare
716 2624 850 2695 incipiant
864 2639 960 2681 seruos
975 2625 1034 2681 Dei.
1047 2625 1084 2681 tlt

288 2728 344 2771 tlon
356 2715 466 2772 deliciet
481 2714 548 2770 ludes
559 2712 644 2780 Petri,
659 2711 738 2783 eujus
754 2717 781 2770 in
791 2715 909 2772 eeclesia
920 2717 1021 2774 sedetis
1032 2718 1082 2791 (ὅ),

288 2807 368 2875 cuins
392 2806 604 2863 sollicitudiuem
633 2805 762 2877 pascendi
788 2821 896 2878 gregem
923 2807 1029 2863 Domini
1055 2820 1084 2865 et

289 2898 380 2955 orricio
410 2893 491 2955 simul
519 2908 547 2954 et
571 2899 706 2954 banebria
722 2900 862 2957 tenuistis.
881 2900 961 2958 Absit
978 2912 1009 2959 ut
1034 2906 1081 2974 qui

288 2990 452 3047 confirmare
469 2990 569 3045 iratres
584 2989 693 3058 debuit,
713 2991 793 3061 quasi
813 2991 848 3046 ad
866 2992 971 3048 ancillae
985 3007 1080 3050 rocem

287 3083 390 3139 lterum
404 3083 564 3152 rrcgaturus.
587 3082 621 3136 ad
643 3081 733 3138 minas
752 3084 861 3154 tyranni
879 3083 989 3153 iuuenis
1003 3086 1080 3143 intrr-

286 3184 387 3234 metur.
407 3174 485 3231 Absit
504 3184 533 3230 ut
552 3174 580 3230 in
605 3174 729 3232 adversis
747 3176 856 3233 amittat
876 3179 1078 3247 constantiam,

286 3267 375 3339 quiin
391 3268 531 3336 prosperis
558 3267 645 3323 tenuit
672 3267 843 3337 aquinatem.
859 3269 1010 3327 Consuerit
1033 3273 1078 3329 bis

285 3356 473 3415 §ttritiouibus
491 3357 617 3415 Ecclesia
644 3372 781 3426 creseere,
808 3368 837 3415 et
860 3371 965 3431 quarata
990 3365 1078 3434 magis

284 3450 404 3508 ministri
417 3453 513 3508 mortis
529 3454 556 3508 in
568 3452 639 3509 lilios
652 3453 715 3508 ritae
730 3455 892 3526 desaeviunt,
913 3472 946 3514 eu
961 3460 1077 3531 amplius

285 3542 451 3600 taeterSion
468 3543 550 3600 liliam
563 3545 713 3617 Rabylonis
727 3549 857 3604 miseram
881 3550 1018 3621 subjicere
1036 3554 1077 3608 di·

285 3634 353 3692 dicia
376 3644 405 3692 et
424 3635 529 3707 lagare.
544 3637 658 3695 Crescat
674 3637 791 3706 indies,
807 3642 939 3711 obsecro,
965 3643 1076 3701 iortuna

284 3736 390 3794 restra,
405 3737 433 3787 et
448 3731 483 3784 ab
497 3729 626 3788 uberibus
639 3732 834 3790 consolationis
846 3734 945 3791 divinae
961 3751 1016 3792 non
1031 3752 1076 3795 so·

283 3819 342 3877 laur
362 3822 433 3880 lacte
454 3838 509 3893 quo
524 3825 630 3895 paruuli
645 3835 739 3898 egent.
762 3827 853 3883 sedet
880 3829 966 3885 solido
990 3831 1074 3899 cibo,

283 3926 365 3986 panc,
381 3915 427 3985 qui
440 3930 490 3971 cor
505 3917 625 3974 bominis
638 3919 800 3988 eorrlimnat,
816 3919 1077 3992 longanimitatisei

283 4008 495 4076 perseverantiae
509 4010 700 4077 quotidianum
712 4012 829 4066 sumatis
846 4022 1032 4082 augmentum.

494 4101 553 4172 90
569 4100 736 4159 EPlSTOLA
751 4101 846 4158 blllxa

296 4259 300 4269 ,
348 4207 429 4249 ream
448 4207 471 4248 s.
488 4208 515 4247 u.
531 4206 629 4247 uacari
646 4207 681 4246 au
699 4208 727 4247 ιι.
748 4208 873 4248 recruuu
885 4209 1007 4249 noanon.

281 4279 373 4339 Horret
383 4292 412 4338 ut
427 4290 583 4338 annonantur
595 4285 719 4337 sacerdos
734 4300 749 4336 u
761 4283 923 4338 monialibus
936 4286 969 4341 S.
981 4284 1074 4354 errici,

469 4353 539 4422 qaod
555 4354 643 4407 mitrata
656 4360 729 4407 ruste
745 4369 773 4407 rc
787 4362 898 4422 gereret.

317 4444 426 4502 Parrus
441 4444 533 4501 diviua
547 4445 704 4512 dignatione
726 4441 899 4502 Tusculanus
923 4449 1077 4524 episcopus,

1142 1083 1228 1138 ianet.
1251 1084 1316 1140 lnrle
1337 1094 1378 1140 esi
1406 1080 1478 1155 ottod
1507 1086 1577 1143 sieut
1608 1087 1787 1144 dilectissimo
1816 1089 1874 1146 irtio
1904 1101 1934 1150 ei

1138 1180 1231 1232 'autrico
1251 1186 1357 1242 nostro,
1377 1178 1423 1233 tili
1437 1177 1598 1234 mandamns
1609 1189 1690 1249 atoue
1701 1182 1887 1251 piracipiurus,
1902 1193 1934 1242 nt

1141 1271 1306 1324 anctoritate
1327 1276 1419 1324 nostra
1440 1270 1641 1338 perdominetur
1658 1272 1891 1345 arcltiepisropnm
1904 1286 1933 1331 ct

1140 1374 1190 1429 per
1201 1361 1413 1416 sollicitudinem
1429 1373 1502 1418 tuam
1516 1363 1706 1418 abominabilis
1718 1363 1763 1419 ille
1775 1377 1933 1435 persecutor

1141 1453 1308 1522 uirginitatis
1329 1463 1357 1507 et
1380 1454 1476 1521 bostis,
1493 1470 1508 1509 a
1523 1457 1653 1524 praedicto
1679 1456 1795 1525 collegio
1816 1473 1932 1528 sponsa·

1141 1559 1201 1597 rum
1221 1544 1322 1598 Christi
1343 1553 1496 1616 separetur,
1510 1555 1547 1611 el,
1565 1547 1587 1600 si
1612 1561 1680 1615 opus
1698 1547 1794 1613 luerit.
1809 1563 1859 1619 per
1880 1564 1930 1604 ex·

1140 1634 1421 1693 courmtr'nieationem
1438 1638 1568 1693 recedere
1582 1638 1769 1709 compellatur.

1363 1746 1702 1821 mmmm.

1264 1860 1298 1898 ro
1309 1857 1481 1900 consectatus
1497 1858 1665 1900 senonensem
1680 1848 1803 1903 sucurre.

1139 1934 1234 2005 Arpnit
1253 1934 1370 2005 cjrtsdem
1391 1935 1537 1990 sucerdotis
1557 1936 1637 1990 tntum
1666 1937 1775 1991 minime
1792 1940 1928 2009 pudicum.

1176 2045 1414 2102 llei'erendissirno
1425 2046 1536 2102 doctrino
1555 2056 1581 2102 ct
1600 2047 1674 2103 Patri
1689 2047 1858 2117 Garutrurro,
1875 2048 1928 2107 Se·

1139 2136 1254 2192 rrorrensi
1270 2137 1486 2208 archiepiscopo,
1508 2134 1667 2194 Satricanus
1683 2138 1717 2194 de
1739 2136 1768 2193 S.
1786 2138 1927 2199 Genorcia

1138 2227 1265 2282 salrncm.
1411 2301 1413 2303 ³
1706 2292 1709 2295 ὴ

1175 2315 1388 2385 terreamur,
1406 2318 1529 2386 interest,
1545 2335 1577 2377 ea
1590 2336 1651 2391 quae
1673 2320 1708 2377 ad
1724 2324 1856 2381 bonorem
1879 2325 1927 2382 liei

1136 2416 1165 2463 et
1184 2407 1325 2478 religionis
1353 2422 1529 2481 augmentum
1559 2422 1684 2481 spectant
1713 2414 1870 2485 detentere,
1899 2428 1928 2474 et

1136 2500 1300 2557 auctoritate
1324 2511 1415 2558 restra
1431 2503 1606 2574 turpitudinis
1629 2514 1656 2560 et
1671 2505 1829 2577 ignomniniae
1844 2524 1926 2565 scan-

1136 2592 1197 2649 dala
1226 2593 1259 2650 de
1282 2593 1363 2649 domo
1379 2595 1485 2651 [lumini
1511 2611 1560 2667 pro
1583 2598 1688 2653 uiribus
1706 2597 1843 2656 arnor'cre.
1861 2600 1928 2659 lude

1132 2681 1267 2761 estquod
1286 2686 1425 2740 sanctitati
1450 2696 1548 2743 restrae
1570 2676 1619 2758 pro
1645 2678 1799 2758 virginibus
1823 2690 1926 2747 curisti

1134 2776 1205 2848 apud
1222 2763 1354 2832 Sanctum
1377 2775 1499 2834 ciricum
1515 2779 1571 2835 Deo
1594 2780 1776 2837 seruientibus
1801 2781 1924 2850 inclusis,

1134 2884 1243 2937 preces,
1268 2881 1335 2939 curas
1354 2883 1479 2940 possum,
1500 2872 1649 2927 secundum
1678 2872 1841 2927 clraritatcm
1864 2888 1925 2943 rpuae

1132 2968 1175 3015 est
1202 2959 1229 3013 in
1251 2957 1373 3025 Cirristo,
1399 2959 1494 3026 lurido,
1518 2966 1546 3015 ul
1565 2959 1717 3017 lrorrestatis
1739 2972 1766 3016 ct
1788 2963 1925 3033 pudicitiae

1133 3053 1255 3125 ipsarum
1270 3054 1375 3108 lrostetn
1392 3050 1543 3107 dianerium
1567 3055 1620 3107 nou
1634 3054 1798 3121 continetis,
1820 3069 1870 3110 nee
1896 3054 1924 3110 in

1132 3144 1222 3216 aliquo
1240 3144 1360 3200 credatis
1380 3143 1417 3212 ei,
1437 3143 1482 3215 otri
1508 3159 1558 3214 per
1579 3134 1718 3200 dominum
1740 3144 1926 3203 Tusculanum

1092 3227 1297 3327 (lepiscopum¹
1317 3237 1356 3308 (5)
1379 3235 1629 3307 apostolicaesedis
1653 3238 1784 3308 legatum,
1811 3249 1924 3310 propter

1130 3345 1257 3388 enormes
1270 3338 1298 3386 ct
1312 3316 1499 3385 intolerabiles
1521 3344 1577 3384 suae
1593 3315 1768 3400 trnpirudinis
1783 3347 1923 3402 excessus,

1130 3435 1146 3476 a
1163 3420 1301 3477 consortio
1315 3418 1563 3476 sanctimonialium
1581 3431 1702 3479 remotus
1716 3432 1795 3481 estet
1805 3425 1920 3494 eiectus.

1129 3511 1230 3569 Credat
1243 3513 1323 3568 uobis
1337 3514 1472 3571 sauctitas
1487 3523 1591 3579 uestra,
1603 3515 1697 3570 credat
1718 3516 1809 3574 abbati
1827 3518 1922 3575 Sancti
2009 3540 2011 3542 ·

1129 3600 1258 3670 lictoris,
1272 3605 1365 3662 credat
1381 3605 1459 3662 iratri
1474 3606 1506 3664 B.
1521 3608 1554 3664 de
1569 3607 1683 3674 Vicera,
1699 3619 1727 3665 et
1745 3610 1806 3666 aliis
1823 3613 1922 3670 ricinis

1129 3696 1265 3767 religiosis
1279 3698 1359 3766 uiris,
1374 3699 1421 3769 qni
1442 3713 1494 3756 nce
1507 3697 1703 3758 discretionem
1728 3714 1848 3760 rostram
1864 3705 1920 3762 cir·

1130 3790 1304 3857 eritrrvenire,
1320 3804 1371 3845 nee
1391 3785 1468 3846 robis
1484 3793 1630 3850 iaicitatem
1650 3808 1772 3851 asserere
1796 3800 1920 3856 volumus

1131 3890 1177 3935 ant
1189 3881 1332 3937 debemus.
1349 3881 1457 3938 Credite
1474 3885 1630 3941 testimonio
1646 3897 1750 3953 uestro,
1766 3891 1811 3959 qui
1828 3907 1861 3945 ex
1877 3894 1920 3948 ri-

1129 3972 1241 4029 cinitate
1252 3973 1356 4040 loei,de
1369 3973 1513 4031 iubouesta
1530 3978 1736 4035 conuersatione
1747 3980 1923 4039 illiussacer?

1129 4066 1200 4122 dotis
1212 4066 1276 4121 llaal
1286 4081 1347 4122 esse
1359 4080 1503 4135 possumus
1518 4072 1661 4127 certiores.
1676 4071 1802 4141 Omittat,
1818 4076 1841 4133 si
1861 4075 1921 4147 pla-

1129 4171 1183 4224 eet,
1210 4160 1336 4230 religiosa
1359 4159 1491 4216 diseretio
1506 4163 1596 4216 restr'a
1624 4167 1802 4233 otrastionem
1825 4167 1919 4223 deillo

1131 4254 1288 4322 recipiendo
1314 4271 1329 4310 a
1355 4258 1508 4328 virginibus
1526 4254 1643 4325 iilrristi,
1659 4259 1717 4327 qui,
1741 4261 1763 4316 si
1789 4271 1920 4332 receptus

1130 4342 1223 4411 luerit,
1240 4346 1445 4403 immaculatum
1460 4346 1569 4421 gregem
1592 4347 1699 4404 Domini
1713 4359 1842 4421 tanquam
1859 4355 1917 4408 bir-

1130 4455 1180 4496 ens
1209 4441 1309 4498 letidus
1337 4444 1490 4500 mortaliter
1513 4445 1569 4516 92
1597 4445 1760 4517 inquinabit.
1784 4449 1863 4516 Quod
1893 4451 1919 4506 si

281 4533 523 4606 sedisapostolicae
541 4532 661 4604 legatus,
673 4533 774 4592 dilecto
788 4535 845 4593 litio
859 4538 893 4592 it.
910 4538 1014 4594 decano
1030 4555 1074 4597 ro-
1089 4559 1114 4621 p
1131 4539 1241 4595 omuino
1256 4541 1431 4609 sirperscdere
1446 4541 1588 4599 nolueritis
1600 4553 1672 4599 etex
1687 4546 1815 4601 rrraudato
1826 4555 1919 4604 vestro

281 4627 465 4699 tiromageusl,
486 4626 642 4683 salutemet
655 4627 794 4683 sinceram
806 4629 990 4685 dilectionem.

1127 4645 1243 4687 necesse
1258 4630 1341 4688 luerit
1361 4631 1526 4689 abbatissam
1540 4646 1568 4690 et
1583 4649 1693 4691 sorores
1707 4635 1768 4714 ejus
1784 4638 1916 4702 inclusas,

316 4722 444 4779 Relatum
458 4729 502 4780 est
516 4722 596 4778 nubis
618 4722 691 4792 quod
711 4721 823 4793 quidam
842 4721 979 4780 dianerius
999 4727 1071 4797 apud
1123 4736 1237 4780 causam
1261 4739 1323 4779 curu
1348 4723 1481 4795 praedicto
1506 4735 1630 4781 monstro
1657 4723 1772 4783 Veneris
1798 4727 1916 4794 intrare,

281 4811 409 4872 vilarcel.
432 4827 494 4872 eum
520 4815 607 4871 sacris
627 4813 783 4884 virginibus
810 4813 924 4886 degens,
948 4817 1021 4886 turpi
1044 4824 1073 4872 et

281 4904 427 4962 inhonesta
451 4907 661 4964 conuersatione
685 4911 735 4962 stra
750 4920 862 4978 precem
885 4907 993 4964 Domini
1012 4921 1073 4965 eor·

1127 4813 1246 4885 placeat,
1263 4813 1389 4880 obsecro,
1403 4815 1482 4872 robis
1496 4815 1568 4872 banc
1591 4817 1774 4886 coguitionem
1790 4819 1917 4874 comrrrit-

1124 4914 1182 4964 tere
1197 4907 1307 4963 domiuo
1329 4902 1479 4965 Parisiensi
1503 4909 1643 4988 episeopo,
1671 4908 1716 4980 cari
1742 4920 1791 4979 per
1811 4910 1919 4966 viciuos

281 5012 410 5070 rumpere
424 5006 453 5055 et
472 4998 611 5054 maculare
628 4999 755 5056 intendit.
780 4999 813 5054 Et
833 4999 963 5070 quoniam
986 5000 1071 5057 vitam
1121 4998 1240 5057 clericos
1254 5008 1283 5056 ct
1297 4998 1384 5056 laicos
1395 4998 1506 5071 plenius
1523 5000 1623 5072 poterit
1638 4999 1681 5056 rei
1698 4999 1865 5073 inuestigare
1885 5010 1915 5058 et

281 5090 342 5163 elus
353 5090 409 5148 beo
427 5098 456 5147 et
479 5090 636 5148 irominibus
654 5091 792 5148 credimus
814 5091 971 5162 displicere,
985 5089 1072 5148 abba-

1122 5105 1247 5162 quarere
1262 5089 1420 5149 ueritatem:

316 5271 356 5341 (2)
371 5271 597 5328 Persecutioaem'
602 5281 710 5397 1[ιέιειιι
731 5276 774 5325 est
792 5269 911 5326 triennes
925 5241 1071 5339 episcopus
1123 5267 1154 5322 in·
1164 5267 1275 5324 dicecesl
1289 5263 1453 5325 carnutensi
1475 5263 1510 5324 ἐι
1532 5271 1567 5326 ab
1579 5270 1647 5325 urbe
1660 5258 1767 5325 Lutetia
1783 5267 1909 5324 milliari·

280 5334 465 5400 Pletarierrsis'
476 5347 588 5415 propter
641 5340 732 5397 etesiae
744 5352 801 5395 suta
814 5340 888 5423 jura,
901 5341 1072 5421 quaeacrirer

279 5412 353 5468 lueri
374 5412 525 5469 conabatur
541 5413 672 5468 adversus
685 5412 819 5493 quosdam
837 5422 991 5493 rprurores.
1003 5406 1071 5490 yrde

280 5483 362 5552 epist.
379 5481 431 5538 itii
442 5480 555 5538 inarmis
568 5480 788 5564 Salisberteusis,
809 5478 896 5534 ubrde
908 5480 955 5563 ,¹¹.'⁵
968 5488 1074 5547 ιιςιιιιι,1

282 5552 469 5633 moriturque
481 5552 509 5607 in
526 5553 610 5608 altura
627 5566 690 5608 eum
702 5550 788 5607 inrue
799 5562 907 5606 veneno
925 5546 1070 5618 iniectum,

282 5614 678 5774 i⁰353aiileecl‘e'uli'aieciiirltetlur'aiir
692 5690 885 5756 Pictariensit.
906 5688 970 5746 diro
986 5686 1069 5746 Petro

282 5758 481 5900 ruffinam
491 5830 797 5910 monialium-Sicubi,
808 5830 912 5892 critice
919 5827 1070 5902 Salutcyr,

1121 5337 1175 5393 bns
1198 5338 1283 5394 distat
1297 5356 1306 5394 a
1322 5339 1401 5408 buius
1422 5337 1554 5396 lundator
1567 5341 1676 5396 exstitit
1695 5339 1832 5395 liebertus
1851 5338 1910 5406 epi·

1122 5409 1223 5478 scopus
1235 5409 1415 5493 carnutensis
1437 5424 1512 5492 anno
1523 5410 1649 5494 'circiter
1672 5409 1764 5492 lidii:
1780 5423 1840 5489 quae
1852 5409 1911 5498 prif

1122 5476 1840 5630 lilttltlitiitilailniblctiltii·
1854 5480 1914 5623 ’Ὗ

1157 5617 1199 5701 ld)
1227 5625 1315 5675 serat
1336 5616 1434 5675 Petrus
1445 5617 1597 5701 Papicnslm
1612 5619 1647 5702 de
1659 5633 1714 5690 quo
1729 5633 1857 5702 superius
1875 5617 1913 5701 ad

1122 5690 1266 5758 epistolam
1281 5689 1328 5757 ia,
1342 5698 1369 5744 et
1383 5688 1417 5744 ad
1451 5703 1514 5746 uera
1526 5688 1579 5743 aba
1590 5689 1705 5759 epistola
1716 5689 1854 5759 dirigitur.
1865 5685 1915 5745 ru

1121 5759 1182 5830 ejus
1194 5761 1296 5820 mentio
1311 5760 1341 5816 iu
1353 5704 1511 5832 marcobrio
1527 5759 1637 5818 saneta
1653 5757 1813 5818 eeumeiea
