4425 6450
287 336 344 398 ΙΠ

650 343 900 402 SEEMONESn-
920 347 1025 404 sslttt.
1046 349 1132 406 llel.
1152 351 1185 408 tlt
1204 351 1380 409 Gttuettatt
1399 353 1579 415 ctrtttlttt

1872 367 1923 423 tlt

286 454 409 525 gressio,
428 464 546 526 quaeest
562 459 690 530 praecepti
705 468 752 517 aut
767 462 833 528 roti,
851 462 961 518 tamen
954 478 1082 521 erucarum
1097 473 1122 534 Λ
1138 468 1330 525 candelabrum
1356 469 1467 526 lucerna
1486 471 1655 536 accenditur,
1672 474 1780 544 qrtando
1800 476 1928 536 Ecclena

285 546 443 603 orruissionc
466 547 628 619 delinquent
643 550 691 611 illi,
714 552 761 620 qui
778 551 927 606 secundnm
946 553 1012 609 tales
1028 564 1083 611 tra·

287 640 410 698 ditiones
433 642 527 699 rit-ere
552 645 741 705 instituerunt.
766 645 795 702 ln
817 649 966 704 omissione
992 659 1081 706 tamen

287 730 408 787 aliarum
423 733 601 790 traditionum
624 752 677 791 non
694 737 856 804 mortaliter,
876 742 923 795 scd
940 742 1083 798 venialiter

287 829 407 890 peccant
423 822 597 891 claustrales,
616 828 667 883 nisi
684 844 718 882 cx
737 838 895 900 contemptu
908 832 1080 887 omittantur.

287 915 474 986 Contemptus
490 932 558 973 uero
573 931 625 985 est,
645 921 753 991 qrtando
771 921 926 979 claustralis
938 938 970 979 cr
984 941 1082 997 propo-

288 1008 344 1060 sito
361 1022 416 1062 uon
431 1008 487 1063 rult
503 1023 551 1065 cas
565 1024 687 1068 serrare.
700 1009 735 1066 Ut
749 1013 771 1066 si
786 1011 860 1066 dicat
872 1013 898 1066 in
912 1017 995 1070 corde
1010 1030 1081 1073 suo:

286 1095 362 1153 Nolo
376 1113 489 1155 serrare
502 1099 653 1164 silentium,
673 1100 734 1156 nolo
751 1102 885 1160 interesse
899 1107 1081 1175 processioni,

285 1189 354 1247 nolo
371 1191 479 1260 sedere,
498 1204 583 1258 stare,
598 1195 738 1249 attitulare
751 1195 823 1250 sicut
840 1198 948 1264 caetcri;
963 1213 1028 1254 ιιιιιε
1042 1201 1082 1255 si-

285 1282 403 1351 quidem
423 1282 450 1338 iu
470 1282 571 1339 talilnrs
591 1284 789 1341 otnissionilius
810 1298 950 1356 peccatum
966 1291 1081 1347 rttortale

285 1375 357 1430 lacit
377 1383 553 1444 ceutemplns
578 1391 669 1446 prauae
694 1378 851 1435 coleritatis.
874 1381 942 1438 Cunr
960 1383 1082 1454 quinque

284 1468 409 1538 parribus
424 1466 585 1523 lmrdcaceis
597 1468 742 1533 lrabcutur,
756 1480 782 1525 et
799 1472 851 1525 duo
866 1473 966 1540 pisces.
978 1473 1080 1541 Pisces,

285 1558 364 1612 sicut
377 1565 470 1611 notum
483 1566 535 1622 εει,
550 1556 707 1611 nutriuntur
720 1558 746 1611 in
763 1558 854 1628 antris,
865 1560 912 1614 sed
925 1576 979 1615 raon
995 1562 1083 1617 omni·

289 1650 346 1702 lrrts
363 1649 436 1703 uesci
449 1648 553 1703 licitum
565 1656 606 1703 cst
621 1649 771 1703 secundnm
785 1647 883 1719 legem,
896 1650 943 1705 scd
957 1650 1009 1705 illis
1024 1660 1083 1706 tan·

286 1751 348 1794 tum
363 1740 410 1810 qui
432 1738 531 1795 saltum
551 1741 616 1795 dartt
634 1755 717 1809 super
736 1756 832 1811 aquas.
853 1740 907 1797 Per
920 1757 1004 1812 aquas
1019 1758 1083 1801 rcro

1134 575 1266 629 praesens,
1279 575 1340 631 quae
1352 560 1378 615 in
1390 563 1445 617 imo
1456 564 1541 631 posita
1555 573 1597 619 cst
1609 565 1668 622 luce
1682 570 1845 639 evangelicae
1854 586 1925 640 prce·

1134 651 1279 707 dicationis
1302 653 1337 707 ad
1361 654 1483 710 eoelcstia
1508 656 1641 713 desideria
1666 662 1834 720 accenditur.
1851 664 1941 720 Con·-

1134 758 1200 811 grua
1213 754 1303 799 autem
1316 746 1495 803 similitudine
1506 748 1627 805 Ecclesia
1641 753 1796 809 candelabri
1812 757 1923 814 namtas

1134 844 1264 890 iocatur:
1284 838 1441 894 sicutenim
1461 841 1658 896 carrdclabrnm
1671 859 1704 899 er
1723 860 1753 901 se
1767 862 1821 901 non
1837 846 1922 917 lucet,

1133 929 1180 983 sed
1206 928 1346 985 lucernam
1367 931 1418 986 sibi
1444 933 1678 1003 superimpositam
1699 946 1808 1007 portat,
1832 940 1922 997 sicet

1134 1017 1255 1075 Ecclesia
1276 1037 1309 1075 er
1332 1031 1430 1078 natura
1456 1023 1582 1079 humanae
1605 1025 1762 1097 tragilitatis
1790 1032 1922 1099 quodam-

1134 1114 1215 1167 modo
1238 1113 1382 1168 tenebrosa
1400 1114 1477 1170 radio
1498 1116 1598 1172 diuinae
1614 1121 1709 1188 gratiae
1729 1122 1839 1178 caelitus
1852 1123 1922 1179 irra-

1132 1202 1236 1267 diante,
1256 1202 1316 1258 lucc
1338 1205 1467 1258 virtutum
1483 1205 1625 1275 splendida
1641 1208 1764 1262 redditur
1779 1218 1807 1263 ct
1822 1209 1923 1266 illumi·

1134 1303 1209 1348 trata.
1233 1292 1311 1348 Sicut
1324 1308 1390 1363 ergo
1406 1311 1455 1365 per
1469 1296 1662 1352 caudelabrum
1683 1298 1820 1365 Ecclesia,
1837 1302 1876 1357 sle
1890 1311 1922 1356 et

1133 1398 1182 1453 per
1195 1384 1294 1439 hastile
1314 1385 1472 1441 candelabri
1486 1385 1613 1444 Christus
1629 1390 1722 1453 liomo,
1737 1405 1787 1460 per
1800 1389 1922 1448 calamos

1134 1473 1247 1544 praelati,
1262 1488 1309 1545 per
1321 1475 1438 1546 scyphos
1455 1475 1557 1531 literati
1571 1478 1621 1532 riri
1635 1494 1752 1548 capaces
1766 1480 1841 1535 rectu
1860 1482 1921 1548 liei,

1133 1580 1182 1634 per
1205 1566 1356 1637 sphaerulas
1380 1567 1561 1638 simpliciores
1586 1570 1613 1625 iu
1638 1569 1771 1636 Ecclesia,
1795 1586 1845 1641 per
1867 1572 1927 1632 tttta

1134 1663 1243 1710 aeternae
1265 1656 1327 1710 ritae
1352 1657 1536 1712 remuneratio
1565 1666 1642 1713 recte
1669 1657 1834 1725 ligurantur,
1860 1672 1924 1727 quae

1134 1748 1224 1802 omnia
1236 1746 1365 1802 dicuntur
1379 1763 1439 1804 esse
1451 1764 1483 1803 er
1500 1763 1567 1804 auro
1580 1748 1737 1818 purissimo.

288 1833 469 1903 Scriptorum
480 1848 588 1887 sacram
609 1831 797 1902 intelligimus,
821 1833 892 1887 sicut
916 1834 952 1888 ibi
971 1852 978 1888 ε
1000 1827 1082 1905 imple
1097 1858 1120 1912 B
1170 1837 1262 1893 l‘rimo
1275 1838 1419 1894 ridendum
1435 1850 1478 1895 est
1490 1854 1574 1909 quare
1588 1839 1694 1909 praelati
1710 1840 1924 1899 scelestarum

284 1927 401 1997 hydrias
416 1940 485 1995 aqna
502 1924 597 1996 (loon.
615 1925 659 1994 ιι).
675 1923 710 1986 Et
730 1923 817 1978 attlt:
841 1923 911 1979 Pons
928 1927 1080 1991 lrortornm,

283 2028 388 2090 puteus
402 2016 551 2070 virentium
569 2029 630 2085 qrtoe
645 2012 733 2068 lluuut
747 2015 774 2068 in
790 2013 905 2069 Libano.

320 2105 1081 2178 lnlrisatptisScripturarumduopiscesnutrirnrtnr,irl

284 2209 339 2265 est,
357 2198 518 2270 allegoricus
526 2205 555 2252 ει
564 2196 675 2252 moralis
692 2197 858 2253 intellectus.
869 2196 982 2264 Quidue
994 2199 1082 2268 prisces

284 2290 439 2345 secundum
451 2287 608 2346 mandatnm
618 2286 685 2355 legis
698 2288 797 2341 saltum
813 2288 880 2340 daret
893 2302 975 2356 super
985 2303 1080 2359 aquas,

284 2383 353 2452 qrria
382 2381 563 2451 inspectorem
591 2378 795 2449 Scripturarum
837 2388 916 2435 ertra
948 2380 1081 2436 literalem

286 2490 402 2532 sensum
417 2472 452 2526 ad
467 2471 562 2527 altiora
579 2479 739 2543 provocant.
763 2470 934 2540 Allcgoricns
946 2473 1081 2544 siquidem

286 2565 444 2619 intellectus
458 2562 659 2633 Scripturarnn
674 2561 848 2618 claustralem
861 2564 959 2618 diuinae
974 2563 1082 2635 Pagina

285 2666 448 2720 carantena,
465 2669 513 2724 per
532 2654 662 2727 ntystcria
678 2653 781 2709 Clrristi
800 2663 827 2707 ει
852 2653 979 2709 Ecclesiae
995 2655 1083 2725 pascit

286 2749 320 2801 ad
336 2746 519 2810 roborandam
533 2746 624 2811 iidem,
640 2746 703 2816 qrria
721 2744 811 2816 justus
826 2759 859 2799 ex
872 2745 923 2799 lide
934 2746 1010 2801 viril.
1026 2744 1083 2801 llo-

287 2840 434 2895 ralisrcro
452 2837 616 2899 intellectus,
632 2837 676 2904 nui
695 2837 729 2891 al
743 2851 846 2891 morum
859 2835 1082 2892 informationem

286 2930 419 3004 pertinet,
443 2930 530 3000 pascit
550 2943 614 2984 euru
634 2928 667 2983 ad
691 2927 790 2983 sonan
813 2926 1010 2996 operationem.
1035 2928 1082 2985 Sic

286 3038 356 3093 ergo
371 3021 415 3076 rir
434 3018 576 3090 religiosus
599 3035 659 3074 cnm
676 3018 797 3088 qttinqnc
820 3018 939 3088 panitas
962 3018 1082 3076 lrordea·

287 3113 347 3167 cels
359 3112 442 3166 delict
455 3110 557 3166 lraliere
570 3110 638 3166 duos
653 3111 752 3180 pisces,
770 3118 798 3164 ut
813 3109 866 3164 llde
878 3118 906 3165 ει
923 3110 1083 3180 operatione

286 3205 316 3260 in
333 3203 422 3260 ὓειιιιι
437 3201 558 3269 tendens,
572 3202 680 3258 landem
695 3217 775 3258 cursu
787 3212 977 3259 consummato
989 3202 1015 3259 in
1030 3187 1118 3261 lincG
1135 3207 1293 3263 oratrimorlo
1321 3217 1413 3264 serrat
1435 3210 1582 3278 puritatem
1602 3228 1608 3262 :
1628 3209 1668 3265 sie
1689 3210 1772 3264 etiam
1797 3207 1937 3278 [tralatus.

287 3296 495 3367 apprehendat,
511 3297 556 3351 cni
584 3311 614 3352 se
640 3295 778 3365 probarit,
795 3295 937 3350 Duniiuum
962 3306 1085 3353 nostrum

287 3389 385 3447 lesuin
406 3390 557 3454 Christum,
574 3388 651 3460 cuins
675 3404 786 3458 reguum
804 3399 831 3444 et
857 3391 999 3460 imperium
1022 3405 1084 3461 per-

288 3491 385 3539 manet
400 3484 426 3539 in
440 3481 533 3539 secula
546 3481 711 3537 seculorum.
732 3481 828 3535 diaron.

576 3571 695 3629 senato
713 3571 798 3627 ltltx.

517 3685 544 3723 ra
561 3682 692 3723 sensatur
713 3682 855 3722 carrecto.

327 3763 425 3817 facies
439 3760 626 3816 candelabrum
639 3758 737 3814 ductile
747 3775 779 3814 ca
794 3774 859 3813 auro
869 3760 1021 3828 purissimo,
1037 3775 1084 3812 co·

296 3856 380 3911 laruas
396 3863 420 3909 et
431 3853 542 3924 rcpplros
556 3862 579 3906 et
596 3850 753 3921 splroerulns,
766 3860 790 3904 et
803 3849 859 3903 lilia
871 3865 904 3904 ca
915 3851 971 3920 ipso
993 3867 1085 3921 proce-

291 3948 382 4000 dentia
392 3943 572 4017 (Exoriare).
584 3941 678 4008 Volcis,
687 3942 786 3997 iratres
797 3940 978 4005 dilectissimi,
988 3942 1086 4010 quilius

292 4036 388 4090 datum
409 4045 452 4089 est
475 4049 556 4090 nosse
579 4033 739 4105 trrystcrium
762 4032 835 4102 regni
853 4030 911 4098 liei,
926 4031 972 4102 qui
986 4032 1038 4087 ntel
1054 4035 1087 4088 de

292 4134 384 4195 petra,
401 4125 528 4195 spiritum
552 4125 586 4179 de
607 4123 698 4188 litera,
716 4121 803 4177 lucem
826 4121 991 4192 erangcttcae
1013 4122 1086 4178 reri·

293 4215 359 4269 tatis
372 4212 407 4269 de
422 4213 517 4269 urtrbra
529 4213 595 4284 legis
609 4212 722 4267 norislis
736 4211 846 4276 elicere,
861 4209 950 4280 uoltis,
963 4211 1086 4282 inquam,

1134 1938 1337 1997 comparantur,
1350 1939 1379 1983 ut
1395 1931 1510 1985 eatrdem
1532 1931 1665 1986 rationem
1685 1930 1873 1989 similitudinis
1888 1934 1924 1990 ad

1133 2030 1231 2074 caetera
1247 2032 1415 2088 coaptemus.
1440 2022 1473 2076 Et
1497 2022 1607 2091 quidem
1625 2024 1663 2079 illi
1682 2038 1778 2079 aurum
1794 2023 1923 2079 dlcnrrlur

1133 2121 1245 2180 propter
1267 2111 1439 2180 splendorem
1466 2114 1633 2179 sanctitatis,
1655 2115 1727 2169 sicnt
1742 2116 1770 2169 in
1786 2113 1925 2171 llieremia

1133 2201 1315 2270 scriptumest
1328 2220 1334 2253 ι
1346 2202 1486 2269 ernruodo
1497 2206 1668 2259 obscuratum
1683 2214 1725 2261 est
1738 2221 1846 2273 auram,
1861 2222 1926 2261 mu-

1136 2302 1206 2348 tatns
1224 2302 1266 2347 cst
1279 2296 1353 2349 color
1367 2296 1484 2365 optimus
1500 2296 1608 2368 (Tuccia.
1624 2301 1674 2369 rr).
1690 2300 1723 2355 lit
1738 2300 1803 2356 alilii
1819 2300 1853 2355 de
1864 2315 1923 2356 cee-

1134 2382 1195 2438 lcsti
1210 2384 1361 2440 Jerusalem
1387 2386 1486 2441 dicitur
1499 2406 1506 2443 a
1520 2388 1620 2445 l‘lateac
1635 2389 1693 2459 eius
1712 2400 1872 2447 sternentur
1888 2405 1923 2449 ex

1134 2488 1201 2528 auro
1215 2474 1314 2528 inundo
1326 2475 1419 2545 (spec.
1439 2477 1505 2545 ιιι).
1520 2478 1654 2549 Propltcta
1666 2481 1749 2535 etiarn
1762 2480 1846 2537 David
1863 2484 1923 2535 auri

1135 2567 1243 2620 ιιοιιιῑιιε
1258 2576 1368 2620 sanctos
1382 2568 1455 2622 viriis
1465 2582 1514 2637 per
1526 2570 1671 2625 Arabicam
1685 2573 1865 2639 gentilitatem
1876 2572 1922 2628 de

1134 2656 1248 2724 signans
1272 2656 1360 2711 dixit:
1376 2657 1489 2713 [labitur
1514 2662 1537 2714 ci
1561 2662 1594 2715 de
1617 2676 1682 2715 auro
1703 2661 1811 2716 dtalriae
1832 2660 1922 2731 (Psoi.

1134 2752 1221 2820 ιιιι).
1238 2746 1266 2802 ln
1280 2750 1366 2804 tribus
1381 2766 1446 2820 ergo
1459 2751 1691 2821 conparationem
1704 2753 1763 2807 auri
1779 2751 1813 2806 ad
1825 2751 1925 2823 praela-

1135 2847 1177 2892 tos
1202 2839 1384 2894 Ecclesiarum
1408 2840 1539 2909 intellige,
1564 2849 1620 2895 tum
1644 2842 1707 2911 quia
1733 2856 1848 2911 parunt,
1866 2850 1923 2897 tuta

1135 2929 1197 2999 quia
1226 2929 1366 3001 lulgidum,
1393 2940 1448 2985 tum
1473 2931 1535 2999 quia
1561 2931 1725 3000 preciosum.
1753 2930 1853 2985 Parum
1881 2938 1925 2986 est

1135 3037 1241 3087 aurum,
1256 3023 1385 3091 quioniam
1400 3022 1426 3077 in
1443 3033 1516 3077 terra
1538 3023 1700 3093 depositum,
1715 3036 1802 3093 neque
1820 3022 1925 3092 ruldgl·

1136 3130 1209 3181 nem,
1224 3130 1311 3185 neque
1335 3114 1467 3170 maculam
1488 3130 1503 3170 a
1524 3126 1594 3170 terra
1611 3116 1760 3181 contralrlt,
1775 3114 1821 3171 sed
1845 3129 1924 3170 suam

1136 3298 1266 3355 Ecclesiae
1280 3300 1307 3353 in
1323 3310 1408 3363 terra,
1429 3299 1456 3354 id
1472 3306 1514 3354 est
1529 3299 1601 3352 inter
1616 3306 1739 3353 terrenos
1753 3307 1780 3351 et
1795 3307 1919 3367 peccate·

1136 3405 1181 3446 res
1201 3404 1377 3456 conversans,
1393 3391 1494 3445 nullam
1522 3391 1656 3446 maculam
1683 3390 1788 3461 peccati
1811 3389 1845 3445 ab
1871 3390 1931 3446 illis

1137 3482 1301 3537 contrahere
1323 3481 1414 3545 delict,
1432 3484 1479 3538 sed
1498 3482 1573 3537 omni
1589 3483 1728 3555 diligentia
1750 3497 1864 3539 servans
1877 3497 1927 3539 cor

1136 3587 1226 3638 suurn,
1243 3573 1407 3629 mundiciam
1421 3575 1533 3640 mentis,
1549 3585 1576 3630 ει
1592 3575 1738 3643 puritatem
1750 3572 1930 3629 conscientiae

1137 3663 1266 3718 retinere.
1284 3662 1312 3718 Si
1333 3665 1406 3719 cuim
1426 3678 1533 3730 mancis,
1549 3680 1609 3734 quiae
1624 3666 1720 3720 sordes
1733 3665 1767 3721 alt
1788 3664 1878 3735 aliqua
1896 3679 1927 3719 re

1136 3764 1279 3823 extergere
1294 3755 1388 3820 dolat,
1406 3757 1505 3811 munda
1522 3772 1574 3812 non
1597 3756 1689 3823 luerit,
1705 3758 1752 3813 scd
1771 3757 1925 3828 inquinata,

1137 3847 1165 3902 in
1182 3847 1277 3902 eadem
1298 3860 1329 3900 re
1345 3848 1435 3918 potius
1450 3848 1545 3902 sordes
1562 3854 1642 3918 auget
1655 3863 1737 3918 quam
1753 3846 1858 3901 minuit.
1879 3844 1926 3901 Sic

1137 3944 1166 3991 ει
1186 3937 1233 3993 ille
1254 3938 1302 4006 qni
1326 3938 1386 3992 aliis
1408 3937 1536 4007 praelatas
1557 3945 1610 4002 est,
1626 3938 1649 3991 si
1666 3934 1832 3991 immundam
1848 3943 1928 4005 gerat

1137 4026 1346 4093 conscientiam,
1362 4041 1378 4080 a
1393 4027 1523 4096 subjectis
1538 4025 1730 4081 immundicias
1754 4023 1849 4081 tollere
1865 4026 1928 4083 ido·

1138 4133 1205 4174 neus
1219 4132 1273 4172 non
1288 4126 1339 4174 est.

1174 4209 1223 4265 Est
1234 4208 1307 4264 enirn
1321 4223 1418 4263 aurum
1430 4206 1561 4276 lulgidmn
1574 4222 1660 4277 usque
1674 4207 1752 4272 adeo,
1765 4208 1836 4277 quod
1850 4207 1927 4265 radia

293 4315 391 4361 notum
417 4314 544 4377 putamus
566 4305 637 4375 qrrod
659 4304 751 4360 omnia
776 4302 833 4360 lere
855 4313 991 4376 praecepta
1020 4302 1088 4375 legis
1139 4303 1204 4360 solis
1220 4302 1424 4359 reverberatum
1442 4315 1487 4356 res
1503 4299 1555 4356 silui
1571 4301 1675 4355 uicinas
1694 4300 1827 4372 fulgentes
1841 4298 1926 4356 laeit:

292 4398 430 4468 liosapcae
453 4394 562 4450 luerunt
578 4393 673 4449 urubra
690 4394 857 4462 luturorum,
870 4403 898 4450 et
924 4394 1088 4450 Ecclesiam·
1140 4396 1186 4451 Sio
1206 4406 1234 4451 et
1248 4395 1375 4465 prelatus
1391 4392 1494 4464 lulgere
1507 4393 1590 4448 debet
1603 4393 1726 4448 exterius
1744 4392 1816 4448 lium
1831 4406 1927 4462 opera-

293 4488 338 4541 rcl
352 4501 385 4542 ea
400 4500 462 4555 qus
479 4493 612 4556 geruntur
632 4483 658 4538 in
673 4481 807 4546 Ecclesia,
821 4485 934 4555 rripstice
947 4484 1087 4558 siguifica-
1103 4517 1126 4572 D
1141 4489 1226 4555 tione,
1243 4488 1280 4542 ita
1296 4496 1385 4543 tamen
1399 4495 1427 4541 ut
1440 4485 1517 4540 radio
1532 4485 1629 4540 diuinae
1644 4484 1739 4555 gratiae
1750 4498 1831 4555 opera
1844 4484 1928 4554 ipsius
2008 4520 2010 4527 ·

293 4581 373 4635 tant.
1139 4582 1301 4649 luceant,et
1328 4579 1374 4633 tali
1402 4578 1463 4633 luce
1491 4577 1641 4633 illuminata
1668 4587 1781 4634 cataros
1805 4577 1839 4632 ad
1858 4577 1929 4633 leno

333 4668 373 4723 Er
393 4667 491 4735 naribus
507 4682 590 4723 unum
612 4674 654 4723 est
677 4667 761 4737 quod,
782 4667 898 4735 thbente
915 4665 1040 4732 Domino,
1059 4666 1087 4722 in
1139 4670 1272 4742 agendum
1296 4668 1451 4725 illuminent
1474 4676 1501 4722 et
1522 4668 1684 4723 accendant.
1711 4667 1769 4723 Lux
1791 4667 1926 4738 siquidem

295 4759 415 4829 ligrrram
427 4756 567 4825 Ecclesia,
583 4756 775 4813 candelabrum
790 4771 903 4812 aureum
921 4758 1087 4828 praecipitur,
1139 4762 1238 4818 divinae
1257 4761 1352 4832 gratiae
1367 4760 1425 4830 ipsa
1445 4765 1497 4824 est,
1513 4772 1573 4827 quae
1593 4771 1675 4827 opera
1702 4757 1842 4811 hominnm
1864 4771 1930 4813 uere

295 4850 457 4924 «peucetiam
477 4851 635 4907 camlelabri
650 4851 760 4906 nomine
780 4851 806 4905 in
825 4850 949 4920 pluribus
965 4848 1089 4922 Scriptu·
1139 4850 1229 4906 lucida
1251 4851 1328 4916 lacit,
1343 4849 1416 4922 quod
1436 4856 1547 4918 propter
1569 4847 1706 4916 quandam
1728 4846 1824 4902 lalsam
1840 4846 1930 4903 lucem

296 4958 393 5003 carram
417 4943 484 5000 locis
504 4943 644 5014 designata
659 4951 713 4998 εει.
738 4941 815 4996 llndo
836 4940 956 4998 loannes
974 4943 1001 4998 in
1015 4942 1089 5013 Apo.-
1140 4944 1292 5015 hypocrisis
1312 4951 1340 4997 ct
1354 4939 1533 4997 simulationis
1546 4939 1705 5010 adjecimus,
1720 4953 1782 5011 quae
1797 4937 1889 4994 iurata
1902 4945 1929 4994 et

297 5035 403 5107 calypsi
421 5032 455 5088 ad
477 5035 599 5098 angelum
617 5032 716 5102 Eplresi
736 5031 859 5087 scribens
878 5033 963 5088 dicit:
977 5031 1089 5088 Veniam
1141 5036 1294 5094 adulterina
1309 5034 1580 5104 speciequorundam
1594 5048 1675 5102 opera
1687 5031 1772 5088 uideri
1785 5031 1929 5088 lacitbona

297 5128 373 5193 cite,
396 5136 423 5182 ει
447 5126 562 5181 morelio
585 5123 778 5179 caudelabrum
805 5132 878 5178 tuum
902 5124 935 5178 de
957 5123 1016 5179 loco
1040 5140 1093 5180 suo
1141 5144 1202 5184 cum
1217 5127 1273 5183 siut
1287 5127 1370 5190 mala,
1385 5125 1463 5197 lcirrge
1475 5126 1603 5182 distantia
1622 5126 1649 5181 iu
1663 5127 1779 5180 veritate
1793 5125 1829 5180 al)
1840 5121 1931 5192 operi·

300 5225 396 5294 lApoc.
412 5224 455 5297 ιι).
480 5223 532 5280 lllii
546 5239 593 5294 per
606 5222 799 5281 candelabrum
820 5220 967 5276 Ecclesiam
980 5222 1090 5290 spirita·
1142 5220 1192 5273 lius
1207 5232 1267 5286 quac
1281 5216 1452 5286 praetetnlunt
1469 5217 1495 5270 in
1513 5215 1698 5270 simulatione.
1717 5214 1822 5266 Dorium
1844 5210 1931 5278 sigui·

300 5320 365 5375 liter
379 5318 436 5373 rult
446 5318 570 5389 intelligi.
584 5318 618 5373 Et
631 5316 779 5373 Dominus
773 5331 799 5371 tu
812 5316 980 5387 Evangelio:
992 5316 1091 5385 Nemo,
1143 5312 1203 5366 (lem
1217 5311 1317 5365 diuinae
1332 5309 1426 5379 gratiae
1440 5308 1506 5364 lacit
1516 5307 1602 5362 rideri
1617 5320 1699 5376 opera
1711 5305 1847 5374 justorum
1864 5316 1932 5369 qua·

300 5414 404 5486 inquit,
418 5413 544 5470 accendit
562 5411 714 5475 lucernam,
729 5417 758 5466 ει
781 5410 807 5463 in
827 5409 987 5465 abscondito
1001 5408 1096 5480 ponit,
1143 5403 1178 5458 lia
1194 5413 1270 5468 sunt,
1284 5401 1437 5474 hypocrisis
1459 5414 1524 5456 vero
1546 5398 1613 5453 lacit
1632 5395 1718 5451 uideri
1743 5408 1824 5462 opera
1846 5391 1930 5446 malo·

301 5506 452 5577 nequesub
465 5505 567 5572 modio,
581 5504 627 5560 sed
640 5518 722 5572 super
732 5501 936 5564 candelabrum,
954 5512 984 5556 ut
996 5516 1099 5577 omnes
1144 5512 1205 5552 rum
1222 5494 1311 5565 qrtalia
1334 5509 1388 5549 non
1410 5502 1483 5548 scint.
1498 5491 1605 5546 Naar
1583 5506 1605 5545 ει
1620 5502 1727 5559 quaeras
1741 5486 1776 5540 ab
1789 5483 1930 5554 luypocrita

302 5615 350 5671 qur
344 5597 562 5669 ingrediuntur,
577 5598 666 5652 lumen
683 5595 791 5649 rideant
804 5592 912 5663 (llatdn
925 5593 963 5662 r).
980 5586 1094 5665 Emer
1144 5589 1254 5660 qualis'
1248 5603 1305 5658 rpsc
1322 5588 1367 5653 sit,
1384 5586 1425 5643 vel
1437 5601 1518 5655 opera
1533 5585 1601 5651 ejus,
1613 5591 1681 5639 tcste
1696 5577 1865 5635 conscientia
1882 5592 1932 5633 sua

303 5696 447 5748 lucernam
459 5690 551 5746 lumen
562 5688 725 5758 evangelicae
743 5685 955 5757 praedicationis,
966 5699 1015 5754 per
1028 5698 1094 5739 ean-
1145 5685 1237 5737 dicere
1252 5679 1428 5749 cornpellctur
1449 5676 1539 5746 quoni
1534 5692 1576 5730 am
1590 5684 1618 5730 ει
1628 5676 1685 5743 ipsc
1698 5672 1795 5736 matus,
1807 5679 1835 5726 et
1849 5683 1932 5739 opera

304 5782 449 5840 eunocum
482 5781 604 5841 Ecclesia
634 5781 802 5854 designatur.
837 5776 977 5849 Siquidem
1012 5792 1094 5847 saper
1147 5775 1204 5844 cjrrs
1227 5773 1296 5828 mala
1317 5779 1389 5827 surtt
1406 5767 1464 5824 llon
1486 5781 1551 5838 ergo
1575 5764 1863 5836 operasimulatorunr
1882 5756 1934 5815 lul-
