4425 6450
240 416 299 475 25⁹
321 396 322 400 ἵ
513 382 709 471 sunnonis.
728 425 765 454 ’-
783 411 886 469 sitan.
906 408 1019 468 titt’ttt.
1039 406 1073 463 lb'
1093 404 1203 463 testo
1223 391 1359 462 otlrtlbtt
1380 399 1602 459 sanciuntur.
1820 399 1873 453 bib

242 533 369 591 narnium
381 529 529 602 platearum
547 528 615 598 (ier.
631 529 680 597 tri.
698 527 736 583 Er
750 528 792 582 bis
803 527 898 597 plateis
911 524 1034 595 patariam
1051 518 1221 588 ,ascincunt
1238 518 1363 573 umbram
1383 515 1560 587 promotionis
1582 512 1640 581 eius
1653 513 1698 582 qui
1721 512 1799 581 longo
1820 526 1874 576 est,

241 628 325 695 jurata
340 638 437 695 aquarn
453 622 548 691 posita
564 631 639 675 sum.
663 620 734 675 Sum
750 619 823 675 enim
842 619 964 689 plerique
984 620 1038 672 ori·
1090 619 1181 665 terreat
1193 624 1243 666 nec
1257 608 1375 665 dimittat
1387 608 1432 676 utri
1447 607 1503 677 jam
1515 606 1712 676 apprehendit:
1733 606 1797 675 quala
1817 606 1874 672 ipsa

243 715 348 773 miuosi
358 715 426 769 latas
436 713 516 779 buiris
525 712 607 767 seculi
620 711 676 765 rias
688 720 819 775 tenentes,
828 712 873 779 qrri
894 708 1037 778 aliquande
1089 710 1132 757 cst
1146 704 1199 758 dux
1214 701 1373 758 securitatis
1387 700 1638 773 peregrinantibus,
1652 709 1679 754 et
1693 699 1876 769 portendenti-

243 821 297 877 pcr
313 806 393 859 rerba
410 801 740 866 sauctaeerltortationis,
761 802 909 873 aliquando
922 816 970 871 per
984 802 1038 854 uir·
1089 797 1141 852 bus
1155 797 1189 850 ad
1204 796 1276 851 viam
1292 806 1388 867 portus
1403 794 1510 860 salut's,
1526 809 1607 864 param
1624 793 1701 848 nobis
1716 785 1774 862 rjus
1789 792 1875 848 intor-

246 905 337 950 tutum
353 895 423 949 dona
437 908 497 965 qun
514 894 539 947 iu
553 892 614 946 aliis
630 892 776 960 aspiciunt,
790 891 937 962 aliquando
952 892 985 946 ad
998 890 1038 945 la-
1088 900 1170 946 tentu
1181 889 1315 961 largiatur
1326 887 1672 945 lesustristusbominus
1684 899 1786 954 nostor,
1799 888 1877 958 crtjrts

244 988 376 1058 clarynms
395 992 422 1037 ct
438 984 555 1054 gemitus
574 998 639 1038 rere
661 981 850 1053 proersitentium
866 981 949 1036 corde
961 997 1037 1037 com·
1088 994 1204 1048 regnum
1222 986 1250 1032 et
1269 978 1411 1049 imperium
1431 986 1576 1047 pernunet
1597 976 1622 1028 iu
1654 978 1745 1033 secula
1767 977 1876 1031 scantin·

245 1085 415 1147 ptrrrguntur.
431 1074 482 1143 Qut
495 1091 561 1147 ergo
575 1076 657 1131 uerba
672 1089 757 1129 saeue
772 1072 922 1143 Scriptura
940 1075 1038 1129 eubor-
1089 1085 1161 1122 rrtru.
1178 1068 1273 1121 durren.

244 1169 360 1224 tationis
379 1174 494 1224 deuotus
513 1167 642 1237 suscipit,
667 1165 749 1220 etiam
767 1166 850 1220 sitam
868 1166 1036 1235 praeteritam
1355 1159 1470 1215 santio
1503 1158 1615 1214 liLl'lll.

243 1278 300 1317 non
314 1262 454 1328 deserens,
466 1260 544 1329 iuxta
557 1274 655 1330 aqtram
668 1257 738 1313 sacri
752 1257 852 1327 eloquii
868 1258 970 1326 positus
982 1265 1036 1324 est,
1276 1268 1293 1305 u
1309 1266 1394 1307 resno
1411 1267 1515 1308 orrutou
1531 1267 1699 1306 sancroamt.

244 1353 280 1406 de
301 1368 355 1422 qua
373 1352 473 1407 dicitur
491 1363 499 1403 τ
518 1348 625 1403 Cibarit
650 1348 724 1402 illum
743 1362 814 1418 pane
831 1347 893 1401 ritae
912 1356 940 1401 ct
958 1347 1037 1401 intel·
1124 1342 1148 1395 F
1149 1344 1206 1397 iniat
1216 1344 1358 1397 iarnainurin
1371 1346 1397 1397 in
1403 1344 1568 1413 firaatnutento
1577 1344 1877 1409 cornuumaueniens

245 1442 350 1508 lectus,
378 1451 406 1498 et
426 1456 498 1511 aqtta
518 1442 659 1512 sapientiae
677 1441 805 1496 salutaris
829 1439 933 1511 poturit
961 1437 1036 1493 illum
1087 1443 1267 1496 attractam
1282 1433 1386 1488 luceant
1403 1435 1877 1503 inuentumrnmcoelisttilluminent

246 1533 350 1605 (tacte.
364 1537 421 1603 xv).
441 1532 491 1599 Qui
505 1548 568 1588 aero
583 1536 650 1587 riona
665 1531 812 1602 gratiarum
826 1545 886 1600 qttae
902 1530 928 1585 in
941 1546 970 1586 sc
984 1545 1036 1585 nou
1088 1535 1185 1579 terrum
1199 1526 1278 1596 (lien.
1296 1528 1328 1598 ι).

247 1621 1038 1693 nabet,inaliisvenernturctdiligit,justaaquamgra·
1128 1616 1205 1671 Sicut
1233 1632 1267 1673 ex
1298 1616 1448 1687 Seriptnris
1474 1618 1575 1674 sanctis
1609 1619 1795 1691 cognorimus,
1818 1637 1877 1677 om·

248 1718 294 1768 tie
309 1715 440 1786 spiritalis
455 1715 559 1785 positus
586 1712 876 1785 esndequadicitnr:
896 1712 1036 1768 Edundarn
1091 1711 1137 1763 nia
1165 1724 1246 1777 opera
1274 1709 1379 1765 bomini
1405 1712 1509 1765 teneda
1519 1718 1567 1766 unt
1589 1712 1624 1776 ci,
1649 1714 1777 1780 atturniam
1804 1714 1875 1768 nialla

246 1821 333 1875 strper
348 1821 397 1862 tos
417 1822 516 1877 aquam
530 1807 659 1861 massadam
676 1815 703 1860 et
717 1804 912 1860 mundabimini
926 1802 961 1859 ab
976 1818 1035 1858 om·
1088 1807 1212 1854 creatura
1243 1807 1298 1854 tam
1324 1800 1447 1867 despecta
1478 1806 1520 1856 est
1542 1815 1602 1869 qua
1626 1816 1679 1858 non
1708 1803 1798 1874 aliquo
1820 1805 1877 1860 sin·

248 1894 921 1969 nibusinquinamentissestrisldaeelt.arsut).
940 1862 1174 1963 Quiadssgntnt
1206 1892 1337 1948 beneilcin
1360 1892 1467 1948 laudem
1500 1894 1547 1949 lici
1568 1895 1692 1951 rideatur
1724 1898 1896 1962 cardinem,-

248 1989 405 2063 lachrymas
421 1990 612 2061 poenitentium
629 1991 657 2045 in
676 1991 765 2060 seipso
780 1990 916 2046 erubescit
930 2000 957 2046 et
969 2006 1036 2046 con·
1089 1983 1275 2040 Excellentius
1296 1992 1386 2039 tamen
1412 1986 1571 2041 benedictus
1591 1996 1633 2042 cst
1658 1990 1684 2043 in
1705 1988 1877 2049 firmamento

247 2081 389 2147 tunditur,
402 2082 481 2153 juxta
495 2081 664 2153 peanitentiae
678 2096 777 2151 aquam
799 2082 905 2151 positus
922 2091 980 2149 est,
1004 2085 1038 2137 de
1089 2074 1164 2142 coeli,
1179 2090 1232 2131 non
1245 2074 1333 2131 solum
1346 2075 1409 2146 quia
1421 2076 1671 2134 cateriscrcamris
1683 2082 1875 2151 supereminet,

248 2190 303 2246 qna
319 2176 450 2244 scriptum
464 2184 527 2232 ess:
546 2178 700 2245 Antequam
715 2176 856 2230 comedam
871 2175 996 2245 suspiro,
1010 2180 1039 2231 et
1088 2182 1183 2225 rerum
1199 2169 1282 2224 etiarn
1302 2169 1430 2240 quioniam
1451 2167 1589 2225 stellarum
1610 2170 1780 2245 aliorumque
1799 2174 1876 2231 lunti-

249 2267 545 2339 tanquaminnndantis
558 2282 645 2338 aquae,
657 2267 696 2323 sic
709 2265 1037 2339 rugitusmeusllotnu).
1056 2339 1060 2346 Ι
1088 2276 1154 2315 num
1168 2269 1265 2317 ornatu
1278 2260 1435 2331 multiplici,
1452 2261 1551 2317 ntiram
1566 2261 1613 2319 lici
1629 2266 1776 2334 potentiam
1793 2268 1876 2324 mira-

250 2359 297 2413 Sie
315 2359 399 2431 igitur
414 2368 443 2415 et
458 2358 555 2430 platea
573 2368 654 2424 suut,
672 2369 701 2415 et
722 2368 813 2414 tamen
835 2358 1037 2430 praedamnando
1087 2350 1179 2407 biliter
1196 2353 1332 2408 ostendit:
1352 2369 1412 2424 qaia
1426 2354 1451 2409 in
1466 2369 1499 2410 eo
1510 2353 1598 2425 posita
1614 2365 1688 2421 sunt,
1702 2373 1756 2413 non
1770 2368 1874 2416 tanturn

245 2450 324 2517 irrata
339 2464 424 2520 aquas
438 2458 586 2519 ponuntur,
603 2450 730 2520 quioniam
742 2451 792 2506 etsi
808 2449 875 2506 latas
889 2447 1038 2518 bsrjussitn
1087 2452 1117 2497 nt
1130 2442 1168 2499 ibi
1185 2443 1304 2510 luceant,
1320 2445 1368 2501 sed
1384 2446 1467 2501 etiam
1484 2454 1513 2501 ut
1531 2447 1700 2519 distinguant
1716 2451 1788 2506 inter
1803 2452 1874 2508 diem

249 2541 312 2597 sias
324 2549 448 2606 teneant,
468 2555 501 2596 eo
512 2541 646 2610 quoslltei
661 2543 730 2598 dona
751 2550 918 2598 venerantur
931 2540 957 2597 in
975 2542 1037 2597 aliis
1087 2542 1114 2589 el
1127 2544 1247 2601 noctem,
1263 2545 1292 2591 ct
1304 2536 1460 2593 illuminent
1478 2547 1591 2594 terram·
1612 2538 1686 2595 Licet
1701 2558 1766 2611 ergo
1780 2543 1807 2598 in
1824 2545 1876 2599 iane

255 2642 286 2688 ct
298 2632 423 2706 diligunt,
439 2633 617 2705 suscipientia
632 2634 725 2705 gratiae
744 2632 890 2691 ltabilicres
905 2641 933 2689 et
946 2647 1038 2704 prorn-
1089 2623 1261 2683 firmamento
1284 2627 1384 2683 visibill
1409 2639 1545 2685 etornatn
1567 2630 1627 2697 citis
1647 2633 1724 2688 nobis
1746 2650 1877 2691 occurrat

248 2726 353 2797 priore,
365 2724 442 2780 nuni,
1087 2714 1173 2771 multa
1191 2718 1306 2774 materia
1336 2719 1444 2786 laudis,
1468 2730 1557 2777 tamen
1574 2724 1653 2779 rerba
1669 2741 1729 2795 ottae
1744 2730 1877 2797 praemisi·

290 2816 386 2871 t'nterc
397 2817 453 2883 lam
466 2824 542 2887 potes
554 2815 670 2887 qualiter
684 2814 765 2888 Virgo
778 2822 875 2881 mater,
890 2828 950 2886 qua
962 2814 1037 2886 prius
1087 2822 1148 2863 runs
1162 2810 1196 2866 ad
1215 2808 1419 2867 firmamentum
1435 2812 1569 2883 spiritale,
1586 2824 1614 2870 et
1631 2815 1775 2873 luminaria
1792 2819 1877 2890 spiri·

249 2913 408 2973 comparata
426 2914 470 2959 est
484 2904 563 2960 olirae
580 2903 710 2976 speciosae
724 2906 751 2960 lu
769 2904 888 2975 campis,
907 2903 944 2960 sit
957 2902 1036 2974 qnasi
1087 2900 1168 2968 talia,
1186 2901 1212 2957 in
1228 2901 1329 2973 qtribus
1344 2902 1432 2976 magis
1445 2904 1535 2961 elucet
1550 2903 1598 2962 Del
1617 2907 1704 2964 rirtns
1718 2919 1747 2964 ct
1766 2909 1812 2966 boi
1831 2926 1876 2966 sa-

249 2996 377 3065 platcuus
389 2995 508 3050 exaltata
536 2995 614 3067 juxta
629 3010 726 3067 apuam
740 2996 766 3052 in
778 2995 890 3067 plateis,
904 2995 1036 3052 subintel·
1087 2990 1200 3061 pientia,
1218 2991 1284 3047 libet
1296 3003 1474 3060 convertere,
1490 3003 1520 3050 ut
1532 3001 1561 3051 ct
1576 2994 1717 3052 festivitati
1736 2998 1876 3055 notttornn.

250 3086 304 3157 lige
321 3086 484 3143 conutitutis.
507 3086 635 3145 Platanus
656 3088 790 3159 siqudem
807 3087 888 3143 arbor
904 3088 956 3143 lata
981 3096 1035 3155 est,
1087 3081 1175 3154 magis
1193 3092 1345 3153 congruant
1368 3091 1395 3139 et
1414 3075 1560 3154 proficiant
1578 3088 1733 3147 deuotione.
1769 3090 1877 3147 Firma·

249 3178 378 3249 expansis
394 3180 494 3248 ramis,
517 3179 643 3237 umbram
664 3178 768 3236 iaciens
786 3180 958 3246 uberiorem,
975 3193 1071 3274 rguaec
1087 3181 1209 3230 mettium
1223 3186 1288 3247 ergo
1303 3175 1336 3233 tie
1349 3190 1403 3248 qtto
1414 3174 1486 3247 ioqui
1500 3171 1634 3248 tolotana,
1654 3181 1737 3238 ltnttto
1750 3181 1876 3241 ctisistns

250 3270 378 3326 iiloneurn
390 3280 432 3328 est
444 3271 630 3329 umbraculum
642 3272 686 3329 bis
699 3273 744 3343 quii
758 3275 848 3329 calore
860 3273 926 3331 solis
939 3273 1037 3328 intem·
1088 3265 1167 3322 ³0⁸¹ss
1180 3276 1221 3323 0⁸¹
1234 3268 1280 3338 qni
1292 3269 1365 3326 ⁶¹⁰1st
1379 3271 1577 3330 fifmlmesslllffl
1593 3273 1656 3329 ²¹5³ss
1667 3275 1797 3347 ⁰i⁰fib⁰⁸
1811 3294 1876 3334 ⁰⁰¹¹·

250 3369 347 3430 penato
368 3361 469 3416 luerint
490 3360 605 3434 fatigati.
635 3360 736 3417 Uratbra
758 3359 830 3417 illius
848 3361 950 3434 platani
970 3361 1037 3418 nibil
1089 3355 1200 3414 ditionis
1212 3360 1313 3428 specie,
1327 3362 1526 3433 magnitudine,
1536 3363 1702 3422 sublimitate
1716 3369 1873 3436 praeminet:

249 3451 324 3506 aliud
338 3452 520 3509 confidentius
533 3453 678 3524 accipitur,
693 3468 778 3523 quam
794 3454 947 3510 incarnatio
955 3454 1037 3511 llerbi
1089 3445 1126 3501 ita
1136 3445 1195 3516 itte
1208 3450 1313 3507 catoris
1321 3454 1423 3510 sanetis
1436 3452 1576 3525 preminet
1583 3455 1755 3527 specialium
1764 3459 1821 3529 ipse
1833 3472 1877 3518 est

248 3543 284 3597 de
295 3560 349 3614 qtra
365 3544 480 3600 dicitur:
500 3545 533 3600 Et
551 3545 634 3600 uirtus
649 3544 782 3603 altissimi
797 3547 972 3605 obumbrabit
987 3548 1036 3604 tibi
1088 3538 1455 3614 ⁸Wi031¹⁵f⁰fffl²lilaefflii⁵
1472 3546 1628 3615 ¹¹⁰¹¹¹i¹¹⁰¹¹li
1642 3547 1668 3602 in
1680 3552 1874 3620 munimine·

249 3631 330 3739 (Lug.
342 3632 386 3705 u).
407 3632 436 3690 Si
449 3635 522 3690 cultu
542 3636 646 3693 umbrae
664 3648 789 3693 naturam
808 3639 976 3694 enucleatius
993 3637 1036 3694 in·
1087 3630 1151 3697 qnia
1168 3632 1363 3704 mldbiludiuis
1377 3635 1437 3706 ‘itti
1455 3635 1571 3705 5980081
1590 3638 1671 3706 finiti
1696 3640 1875 3709 sublimitate,

250 3727 413 3796 spscffimus,
443 3742 478 3783 εχ
497 3729 600 3785 rumine
622 3740 651 3785 et
669 3744 785 3801 corpore
806 3729 931 3789 edicitur.
961 3731 1038 3787 Tune
1088 3724 1151 3791 qnia
1164 3723 1365 3797 ipseestsnper
1378 3728 1756 3789 ornniabeusbenedictusin
1772 3734 1874 3792 accub.

249 3831 316 3887 ergo
325 3816 450 3889 platanus
465 3818 523 3876 bae
539 3820 664 3878 umbram
681 3822 894 3894 copiosissimam
908 3822 1035 3889 reddidit,
1089 3813 1152 3870 ¹·in
1176 3818 1259 3872 elium
1282 3818 1408 3875 ctnistns
1430 3818 1633 3879 ssttutffltnlttm
1651 3827 1802 3896 appellum
1818 3836 1874 3894 08¹.

249 3911 360 3977 quando
377 3909 469 3967 lumen
487 3913 654 3984 incorporea
667 3913 820 3970 diuinitatis
835 3917 862 3970 ln
877 3915 958 3971 beata
974 3915 1037 3970 ilir-
1087 3908 1216 3976 quonium
1241 3908 1312 3965 sieut
1331 3909 1531 3967 sstmtffltsslllm
1552 3921 1677 3969 'numm
1695 3931 1773 3986 ²11⁰ae
1789 3926 1874 3986 lentis

249 3999 313 4070 gine
329 4002 474 4073 assumpsit
489 4018 588 4074 corpus
600 4013 702 4060 nostra
718 4003 909 4060 humanitatis.
929 4004 958 4060 ln
978 4003 1036 4074 pla·
1088 3998 1238 4053 secundum
1250 3999 1526 4072 beatumGregorium
1541 4015 1602 4071 quae
1614 4003 1675 4074 gelu
1689 4007 1837 4063 constricta
1847 4009 1875 4065 ia

251 4095 303 4151 teis
313 4105 403 4151 autem
418 4096 512 4151 umbra
523 4096 626 4164 platani
641 4085 720 4166 tinans
731 4095 828 4153 diffusa
839 4105 891 4163 est,
907 4097 1036 4167 quioniam
1087 4088 1220 4162 eluviem,
1238 4100 1267 4149 et
1283 4094 1455 4164 postmodnm
1472 4092 1499 4148 in
1515 4094 1672 4166 crystallum
1688 4096 1805 4156 solidata
1820 4112 1873 4168 ⁸⁸¹.

248 4187 376 4245 omnibus
390 4187 561 4254 criminosis,
579 4199 607 4243 et
623 4190 673 4246 snb
687 4189 792 4261 pcccati
807 4203 891 4247 onere
902 4186 1036 4259 gementi·
1086 4181 1123 4236 ita
1136 4180 1264 4239 Christus
1283 4184 1365 4240 bonno
1379 4192 1443 4241 ante
1458 4188 1688 4244 resurrectionem
1707 4189 1783 4248 relat
1802 4207 1874 4263 aqna

248 4280 313 4343 bus,
326 4293 405 4349 opem
424 4293 479 4334 ευρ
493 4279 670 4351 protectionis
689 4279 821 4352 porrigit,
838 4279 982 4346 omnibus,
995 4279 1036 4335 in·
1087 4271 1157 4341 init,
1175 4274 1221 4342 qni
1236 4275 1318 4342 lame,
1329 4275 1394 4341 siti,
1411 4276 1557 4347 militisque
1571 4277 1633 4335 aliis
1653 4278 1872 4350 infirmitatibus,

248 4384 343 4438 apuam,
366 4376 430 4439 post
449 4367 553 4440 lapsum
574 4371 750 4427 redeuntibus
766 4382 794 4428 ct
817 4370 1035 4427 desiderantibus
1086 4365 1213 4421 uidelicet
1226 4369 1375 4432 nascendo,
1388 4369 1530 4439 patiendo,
1544 4371 1696 4437 moriendo,
1712 4373 1788 4430 uetus
1802 4390 1872 4448 aqam

247 4460 319 4539 tiam
333 4458 440 4515 salutis.
458 4460 634 4519 Considerate
649 4462 729 4518 modo
738 4476 833 4519 omnes
844 4461 959 4532 plantas,
974 4474 1035 4533 qua
1085 4456 1208 4514 defluxit.
1222 4458 1300 4516 Unde
1310 4457 1452 4516 Psalmista
1464 4476 1497 4516 ex
1508 4475 1623 4533 persona
1633 4463 1707 4530 eins:
1718 4463 1792 4521 Sicut
1802 4481 1872 4537 aqna

247 4554 281 4609 de
296 4552 391 4609 radice
403 4553 568 4611 matrisEse
582 4554 750 4626 prodierunt,
764 4554 787 4611 si
800 4553 890 4625 aliqua
905 4564 959 4610 tam
970 4553 1035 4609 sub-
1049 4557 1074 4618 n
1086 4547 1188 4606 effusus
1206 4567 1284 4619 sant,
1312 4559 1340 4605 et
1366 4551 1487 4622 dispersa
1514 4562 1578 4608 sunt
1605 4555 1698 4610 omnia
1722 4571 1785 4614 ossa
1812 4575 1872 4616 mea

247 4642 320 4701 limis
334 4643 380 4709 sit,
395 4644 529 4715 uinaria,
540 4652 645 4717 quae,et
660 4645 682 4701 si
696 4659 747 4718 pro
760 4644 916 4701 conditione
930 4652 1033 4701 natura
1085 4638 1173 4709 (Paul.
1185 4639 1256 4702 xxti·
1277 4639 1342 4696 Post
1355 4642 1583 4699 resurrectionem
1596 4660 1660 4700 uero
1672 4655 1799 4717 tanquam
1811 4665 1873 4722 cry-

246 4733 360 4806 aqnalis
374 4735 411 4791 sit
430 4737 552 4803 ceteris,
577 4746 666 4791 tamen
681 4734 761 4792 donis
778 4744 807 4792 et
827 4734 933 4792 meritis
951 4749 1034 4806 snpra
1084 4728 1181 4784 stallus
1194 4729 1317 4786 ilrmatus
1331 4739 1359 4786 et
1373 4730 1505 4788 solidatus
1519 4730 1582 4800 luit,
1594 4734 1707 4803 eoquod
1719 4735 1872 4805 impassibi-

245 4840 342 4882 omnea
361 4826 478 4883 exaltata
491 4837 542 4883 est.
555 4826 664 4890 ,Tribus
679 4826 759 4897 piane
771 4825 862 4882 tnodls
875 4840 935 4881 eam
951 4840 1034 4896 snper
1085 4820 1119 4875 lis
1132 4831 1160 4875 et
1173 4820 1348 4888 immortalis,
1372 4821 1442 4877 sient
1457 4820 1542 4877 Dauid
1559 4825 1690 4893 propbeta
1705 4825 1791 4882 dicit:
1812 4826 1872 4884 Fiat

244 4932 343 4974 omues
363 4918 434 4975 nitas
454 4918 516 4973 Era
537 4919 660 4978 ridemus
674 4915 809 4983 exaltari,
835 4915 964 4973 uidelicet
983 4933 1034 4988 per
1084 4924 1181 4965 ntatms
1193 4921 1238 4965 tua
1250 4910 1433 4980 supersisam
1445 4913 1565 4969 dextera
1576 4923 1638 4981 ture,
1651 4924 1678 4969 et
1690 4930 1772 4988 suaper
1786 4916 1870 4973 illium

245 5009 506 5076 sanctificationem,
527 5025 580 5080 qua
600 5007 719 5065 exaltata
735 5017 778 5063 est
792 5010 827 5063 ab
843 5007 918 5064 omni
934 5007 1032 5064 allecta
1084 5000 1203 5056 hortinis
1216 5015 1295 5070 quiem
1320 5001 1489 5059 condrmasti
1503 5003 1550 5059 tibi
1566 5000 1654 5075 (Pani.
1668 5011 1773 5080 crata).
1794 5008 1871 5066 Unde

246 5110 362 5157 urrenae
372 5101 575 5171 corruptionis:
592 5115 639 5172 per
651 5101 814 5173 cognitionis
826 5098 1032 5170 plenitudinem,
1084 5093 1211 5148 Ezechiel
1224 5095 1356 5164 propbeta
1370 5095 1458 5167 ipsum
1467 5096 1591 5168 appellat
1604 5099 1823 5172 tirmamentum,
1842 5115 1872 5160 et

244 5205 299 5262 grta
313 5192 432 5251 exaltata
453 5200 496 5248 est
509 5191 544 5248 ab
557 5193 632 5248 omni
651 5193 744 5249 nubilo
757 5190 875 5247 erroris:
896 5202 943 5263 per
958 5206 1033 5246 sum·
1083 5184 1204 5257 crystalli
1227 5185 1346 5255 spectem
1366 5185 1433 5242 (licit
1449 5186 1569 5252 habere.
1594 5188 1639 5244 ubi
1665 5188 1705 5245 tie
1728 5180 1873 5261 loquitari

239 5296 317 5351 >ittam
338 5281 613 5354 eouwauplatiouem,
633 5296 685 5352 qua
704 5282 822 5338 exsultata
845 5290 888 5358 est
908 5281 942 5337 ab
957 5263 1034 5336 omni
1083 5275 1173 5348 Super
1188 5279 1278 5349 capita
1295 5253 1414 5351 qi‘atuor
1433 5280 1592 5338 animalium
1609 5281 1761 5338 similitudo
1775 5284 1868 5339 dama-

245 5371 361 5427 tumnltn
383 5373 528 5428 meardenae
551 5373 678 5430 actionis.
714 5372 798 5428 Nobis
823 5372 916 5442 igitur,
933 5371 1032 5450 tratres
1083 5368 1185 5436 menti,
1205 5369 1284 5440 quasi
1303 5381 1432 5442 aspectus
1449 5372 1572 5444 crystalli
1595 5371 1734 5431 horribilis
1748 5367 1871 5435 extendit

218 5517 222 5525 ,
243 5459 410 5528 cbarisslrni,
423 5461 469 5532 qui
480 5463 513 5517 ad
523 5462 595 5519 banc
605 5463 736 5519 uirtutum
749 5462 924 5518 eminentiam
940 5475 1033 5519 assue-
1082 5476 1164 5532 super
1182 5464 1272 5536 capita
1286 5463 1406 5536 ipsorum
1420 5474 1540 5536 quatuor
1551 5464 1661 5537 (Eucti.
1676 5466 1710 5536 r.)

242 5568 308 5626 gere
320 5568 372 5610 non
386 5569 543 5624 muamus,
555 5557 606 5613 sub
616 5557 713 5617 umbra
726 5556 785 5627 ejus
796 5555 965 5633 pausandum
978 5564 1032 5622 est,
1118 5553 1274 5609 Luminaria
1295 5568 1360 5611 nero
1380 5555 1461 5625 burins
1482 5556 1647 5612 tirmamontl
1668 5571 1764 5614 omnes
1779 5560 1870 5616 saneti

242 5645 288 5700 ubi
304 5647 331 5702 in
346 5656 414 5703 aestu
431 5646 562 5716 vitiorum
583 5646 775 5721 reingerium,
791 5649 818 5704 ia
838 5646 974 5716 pressuris
990 5660 1033 5704 se·
1083 5655 1158 5714 sunt,
1172 5648 1217 5717 qul
1231 5646 1258 5701 in
1273 5660 1307 5704 eo
1318 5656 1381 5702 sunt
1394 5645 1508 5703 laudati.
1527 5646 1619 5702 Primo
1630 5647 1656 5703 in
1671 5650 1722 5704 bac
1735 5650 1791 5704 rita
1806 5649 1872 5720 date,

241 5734 296 5790 culi
309 5737 510 5805 umbraculum,
524 5747 552 5793 et
564 5738 590 5793 in
601 5739 729 5818 carnibus
739 5738 878 5796 laboribus
892 5753 952 5809 qua
967 5737 1032 5794 huie
1083 5750 1142 5808 spe,
1162 5737 1309 5804 claritate,
1326 5738 1489 5807 caterisque
1500 5735 1667 5804 uirtutibus,
1682 5754 1750 5808 otras
1763 5741 1798 5811 ab
1812 5738 1872 5808 ipsu

241 5823 305 5880 aitte
320 5825 458 5883 fastidium
473 5829 611 5899 ingerunt,
626 5829 743 5901 quietem
759 5843 946 5901 assequamur.
978 5817 1035 5886 Fe?
1084 5837 1249 5906 acceperuut
1259 5869 1266 5897 ,
1278 5839 1307 5885 et
1330 5829 1356 5884 in
1372 5827 1416 5884 illa
1433 5829 1538 5885 caelesti
1554 5828 1640 5903 gloria
1654 5841 1719 5888 sarit
1733 5831 1760 5887 in
1776 5845 1809 5890 eo
1823 5844 1871 5887 ra·
