4425 6450
249 419 305 476 did
733 406 981 467 [PISTOLAE;'··
999 408 1090 467 enus
1110 405 1142 463 ll.
1160 404 1220 464 atl.
1240 404 1407 462 llll-llus.
1838 404 1891 461 ltu

252 537 346 593 lidiam
366 533 530 590 detestatur.
547 530 651 587 Corrtra
671 528 760 601 ipsunt
780 526 827 598 qui
845 526 932 582 fidelis
952 535 995 583 cst
1018 528 1045 583 ia
1060 531 1085 590 Α
1099 527 1126 582 in
1137 523 1299 582 confusione
1309 522 1471 580 clericorum
1484 521 1772 578 Grandimonlcnsium
1786 535 1817 577 se
1829 535 1892 576 csse

250 628 408 702 promisso,
428 635 455 681 et
476 623 576 679 iratres
598 621 732 689 clericos,
748 622 794 692 qul
809 620 867 677 hini
887 618 929 676 rel
944 619 1043 691 singuli
1098 620 1192 675 laesam
1205 626 1233 673 et
1248 616 1403 681 confusam,
1418 616 1444 671 iu
1457 614 1629 687 protectione
1644 623 1671 669 et
1684 614 1765 684 212
1775 613 1898 672 uictoria.

251 738 303 794 per
325 717 438 774 cellulas
463 725 593 785 tananam
621 714 722 784 captiui
744 713 911 780 detinentur,
933 711 1045 781 qnidam
1098 711 1218 782 ipsorum
1240 711 1330 766 latam
1356 725 1418 766 sese
1431 709 1608 780 profitebitur
1618 715 1645 763 et
1659 706 1818 777 jucundam.
1835 705 1893 761 llo·

252 810 380 869 ccrrrersi
391 806 548 871 lastuclali,
560 816 620 861 astu
632 804 736 869 callidi,
745 805 894 875 gloriantes
905 805 932 859 in
943 802 1045 870 uerbis,
1097 819 1194 875 gamus
1216 813 1339 861 sanctam
1355 802 1553 874 paternitatem
1568 810 1689 856 nestram
1705 808 1747 867 el,
1759 807 1894 867 quantum

253 906 429 961 conniidentes
443 903 471 957 in
488 899 663 961 nrurrcrihus,
678 900 712 953 ad
726 898 876 953 Ecclesiam
892 898 1046 955 Romanam
1097 896 1162 952 licet
1178 896 1253 965 indiis,
1267 897 1437 954 consulimus
1455 896 1573 965 patri,ut
1586 894 1633 965 qui
1649 909 1762 965 regnum
1774 892 1896 948 Franco·

254 1003 441 1058 accesserunt,
454 1002 483 1047 ut
495 1000 619 1047 sanctam
634 989 792 1061 religionem
805 998 934 1052 restraint,
949 989 973 1044 si
985 1006 1047 1060 pos·
1098 1004 1158 1043 rursu
1171 995 1198 1044 el
1208 988 1339 1045 ccclesias
1349 988 1375 1043 in
1388 1003 1421 1043 eo
1433 986 1617 1044 consistentes
1627 1000 1736 1056 semper
1747 983 1894 1049 dilexistis,

254 1089 321 1152 sint,
338 1082 571 1148 circumveniant,
583 1091 611 1138 et
626 1083 723 1137 cedros
738 1095 799 1151 quae
814 1079 841 1134 in
856 1079 960 1135 Lihano
972 1089 1047 1148 suunt,
1099 1079 1127 1134 iu
1142 1080 1193 1134 hac
1207 1080 1342 1150 petitione
1353 1094 1402 1135 sna
1420 1088 1447 1135 et
1460 1077 1615 1134 exaudiatis
1625 1076 1769 1144 benevole,
1781 1082 1809 1131 et
1823 1074 1895 1145 quod

254 1180 289 1233 ad
312 1176 481 1231 rtnlnntateru
506 1188 583 1227 suam
612 1172 749 1227 incutiant
771 1180 799 1227 ct
825 1168 977 1226 inliectant.
1005 1171 1047 1226 hd
1098 1171 1338 1243 petiturlreneilce
1353 1170 1517 1243 compleatis

254 1281 401 1325 eonnnrunne
423 1264 560 1334 relugium
576 1261 787 1333 appellationis,
812 1262 838 1318 ln
856 1277 910 1332 utto
932 1261 1049 1331 dignitas

255 1362 385 1417 urctcsuae
397 1358 527 1413 liornanm
540 1356 675 1417 corrsistit,
688 1363 717 1411 et
726 1370 822 1412 ouantes
835 1357 957 1427 oppressi
973 1357 1048 1412 reiu-

254 1455 329 1523 ginm
348 1451 507 1516 inueniunt,
527 1448 619 1504 clerici
641 1462 690 1518 pro
711 1462 741 1503 se
762 1455 790 1502 et
805 1447 890 1505 iratre
908 1448 1049 1507 Bernardo

256 1556 322 1599 sante
338 1544 460 1613 aliquam
473 1540 620 1596 sententiae
642 1538 825 1608 prolationem
840 1539 971 1596 canonice
983 1553 1050 1595 con·

257 1638 404 1697 volarunt,
420 1635 492 1689 sicut
502 1642 532 1688 et
547 1633 682 1688 canoulce
701 1616 896 1702 prouocantes,
910 1633 946 1688 ita
960 1640 989 1688 et
1001 1647 1051 1688 ca·

1295 1285 1376 1357 213
1400 1282 1569 1341 uutsuusa
1588 1283 1703 1341 catut.

1173 1395 1207 1433 hl)
1227 1392 1350 1436 ΒΟΙΙΜῙΙ
1366 1391 1462 1431 ΡᾸΡᾸΙ.
1476 1392 1502 1432 lu
1517 1390 1636 1432 PERSOM
1651 1389 1823 1431 cleateduuat

1357 1462 1641 1504 cutdultlouasdswal·
1728 1495 1730 1502 .

1126 1540 1332 1612 conqueruntur
1344 1539 1377 1594 de
1392 1554 1578 1594 conuerterant
1591 1554 1700 1592 suerum
1713 1536 1864 1592 incallidus.

1140 1636 1308 1691 ‘iloerorem
1327 1634 1375 1690 hlii
1391 1644 1471 1705 pater
1487 1633 1622 1701 attendat,
1638 1632 1716 1704 cujus
1730 1632 1759 1687 in
1772 1630 1842 1687 lucie
1854 1644 1899 1689 re.-

256 1728 446 1797 nouice211
460 1733 668 1796 prosequentes,
676 1733 705 1779 cl
713 1724 872 1780 canonicam
888 1725 1052 1781 sententiam
1103 1727 1224 1781 uerenda
1241 1724 1338 1796 religio
1353 1724 1492 1780 mendicat
1506 1723 1640 1795 gloriam,
1656 1733 1684 1778 et
1698 1723 1800 1779 ueritas
1811 1722 1902 1780 iuter*

256 1835 274 1872 a
293 1819 371 1874 nohis
391 1819 464 1873 uela
483 1817 615 1886 delegatis
632 1816 772 1884 jndicibus
791 1816 940 1872 secuudum
958 1832 1053 1873 sacros
1083 1829 1227 1875 ·renlum.
1247 1818 1341 1875 Grauis
1363 1816 1445 1873 offert
1465 1825 1560 1873 sancta
1577 1815 1689 1872 dileetio
1710 1825 1802 1872 restra
1823 1813 1899 1885 quod

255 1899 380 1968 cau'unes
388 1920 588 1980 exspectantes.
600 1909 659 1966 Non
669 1918 778 1966 nroreat
788 1925 845 1973 ros,
855 1910 936 1967 Pater
947 1920 1051 1979 sancte,
1067 1876 1089 1931 B
1104 1910 1362 1982 dchetursingulis,
1380 1921 1411 1966 ut
1425 1926 1457 1967 en
1478 1910 1574 1967 codem
1595 1910 1694 1967 tlnrono
1713 1908 1838 1979 justitia,
1864 1916 1897 1968 el

256 2004 391 2060 coulnsus
407 2005 541 2059 laicorum
555 2004 661 2059 clannor
674 2014 771 2060 cornua
787 2003 902 2060 clericos
922 2004 1051 2072 inclusos,
1103 2004 1321 2061 consolationem
1335 2003 1454 2058 haheant
1465 2003 1596 2070 humiles,
1608 2011 1637 2058 et
1650 2001 1840 2058 contusionem
1853 2017 1900 2060 su·

258 2111 296 2150 ne
317 2105 413 2152 contra
434 2112 571 2160 sessorem
585 2104 737 2152 murmuret
760 2096 905 2161 asina,nc
922 2097 1055 2167 glorietur
1104 2097 1191 2169 perhi.
1216 2096 1245 2152 ld
1271 2097 1376 2167 experti
1396 2110 1491 2153 sumus
1520 2095 1548 2150 in
1574 2096 1665 2162 nohis,
1690 2094 1783 2161 Pater,
1804 2093 1901 2151 auxilii

258 2204 337 2243 serra
359 2197 454 2246 conrtra
477 2204 539 2245 eum
554 2190 600 2260 qui
616 2198 689 2246 tenet
702 2204 778 2256 eam,
794 2204 845 2247 ncc
859 2189 945 2247 idiota
958 2190 1054 2248 doceat
1104 2189 1269 2260 consiliique
1294 2189 1445 2246 multorum
1474 2197 1618 2258 expertes,
1640 2203 1758 2259 quorum
1781 2188 1901 2260 grauiam

258 2281 391 2338 clericum
416 2282 537 2347 litteras,
554 2297 605 2338 nec
628 2281 715 2338 laicus
735 2282 854 2353 imperet
872 2283 1054 2339 sacerdotalia
1103 2283 1231 2339 conuersi
1254 2284 1340 2338 nostri
1363 2282 1422 2353 (50)
1448 2281 1545 2338 senari
1570 2282 1663 2353 potius
1684 2282 1829 2338 intendunt
1851 2293 1901 2351 pe-

259 2374 409 2431 saccrrloti.
426 2374 531 2431 Clamat
548 2390 598 2445 pro
612 2374 722 2429 clericis
742 2384 770 2430 ct
792 2390 841 2446 pro
859 2375 945 2432 iratre
959 2376 989 2430 Β.
1007 2376 1054 2445 qui
1104 2376 1185 2432 crinin
1201 2391 1284 2446 quam
1301 2375 1459 2431 innocentia
1474 2376 1612 2441 venerari,
1630 2374 1798 2431 confidentes
1814 2373 1841 2428 in
1852 2374 1902 2428 ho-

259 2482 312 2536 pro
325 2465 434 2534 justitia
451 2464 643 2531 indesinenter
654 2473 757 2534 pugnat
773 2465 799 2518 in
816 2465 929 2520 aurihus
946 2465 1054 2521 homini
1105 2466 1190 2531 mine,
1212 2474 1241 2522 et
1258 2473 1392 2535 ponentes
1409 2480 1521 2522 carnem
1546 2466 1691 2522 hrachium
1707 2480 1798 2521 suum.
1814 2462 1901 2519 liale·

261 2560 402 2624 Sahaodu
419 2558 521 2615 claritat
537 2564 564 2612 ct
579 2556 606 2610 in
620 2554 710 2610 sacris
730 2554 842 2610 unrihus
856 2553 959 2612 ,vestris
977 2553 1056 2611 Chri·
1105 2559 1173 2615 dicti
1189 2558 1343 2630 prophetici
1359 2558 1506 2614 ueritatem
1522 2573 1576 2613 uon
1596 2567 1738 2623 ncreruur,
1752 2564 1862 2612 armant
1874 2565 1904 2613 et

260 2654 448 2711 suauissimus
464 2647 682 2717 consanguineus
698 2655 788 2701 uester
804 2660 851 2700 ren
864 2645 1055 2714 Francorum,
1106 2651 1230 2706 animant
1247 2650 1387 2722 principes
1399 2649 1480 2720 hnrjus
1493 2647 1599 2715 saculi,
1618 2648 1726 2718 plelem
1741 2646 1903 2716 sollicitant,

259 2746 308 2814 orni
331 2744 494 2812 sangninem
510 2754 607 2803 suurn,
624 2738 701 2808 cujus
714 2737 854 2808 particeps
873 2738 951 2806 estis,
967 2738 1056 2808 quoti·
1107 2746 1241 2813 quosdam
1258 2740 1343 2797 etiam
1361 2757 1395 2797 ex
1414 2741 1551 2813 episcopis
1562 2749 1712 2805 attentant,
1730 2748 1761 2795 ut
1784 2753 1853 2809 quos
1867 2752 1904 2793 ex

261 2837 305 2891 die
325 2851 376 2905 pro
392 2832 503 2888 Christo
525 2826 824 2894 effundit,utlormam
841 2830 991 2899 pacisque
1008 2844 1056 2900 per
1107 2834 1215 2891 cellulis
1240 2835 1343 2890 nostris
1367 2848 1417 2904 per
1435 2832 1596 2889 uiolentiam
1618 2830 1778 2900 ejecerunt,
1799 2845 1834 2886 ne
1855 2843 1905 2886 eos

261 2931 352 2999 ipsum
370 2939 516 2987 coracessa,
537 2922 692 2991 conscripta
704 2930 730 2975 et
744 2922 924 2990 conhrmata,
938 2929 967 2979 et
980 2933 1056 2994 post·
1108 2926 1277 2982 monasteria
1298 2908 1452 2995 recipiant,
1473 2938 1509 2980 ue
1534 2922 1660 2980 eeclesia
1681 2930 1831 2989 tueantur,
1860 2934 1905 2980 tna

264 3020 376 3076 ntundnan
396 3016 539 3087 sacrilegio
556 3014 723 3086 perlidorum
746 3017 847 3073 uiolata
867 3028 926 3087 est,
947 3019 1057 3079 faciatis
1107 3018 1235 3091 quamuis
1249 3017 1402 3089 indignum,
1414 3024 1552 3089 pastorem
1565 3016 1624 3087 (51)
1637 3026 1727 3073 tannen
1739 3030 1828 3090 suum,
1842 3028 1904 3070 curn

262 3109 419 3175 ohserrnri,
432 3108 641 3179 appellationem
654 3124 703 3179 per
714 3108 830 3167 clericos
840 3112 951 3181 laeum,
963 3122 1057 3186 utpote
1112 3111 1292 3170 mutrlnudlne
1306 3110 1468 3169 clericorum
1484 3110 1600 3168 fratrum
1613 3108 1674 3182 plus
1690 3124 1771 3179 qnam
1787 3123 1904 3165 numero

264 3206 427 3263 carrornicann
449 3205 554 3277 recipi,
577 3206 661 3264 laicos
680 3204 874 3264 seditionarios
894 3215 922 3262 et
945 3214 1093 3275 eontra-c
1109 3207 1291 3264 ducentorum
1312 3220 1368 3264 uon
1389 3213 1445 3261 tam
1468 3203 1656 3261 fraudulenter
1673 3218 1756 3276 qtram
1770 3200 1905 3258 riolcarsc

265 3299 397 3355 dictionis
420 3298 508 3364 lilios,
527 3298 684 3370 Philippum
706 3298 740 3354 de
754 3296 922 3354 Bellomonte
936 3308 963 3354 et
982 3314 1057 3355 conn-
1109 3298 1273 3371 expulerunt
1287 3297 1402 3355 eoniuso
1415 3297 1538 3354 clamore
1550 3305 1579 3352 et
1594 3311 1688 3353 errore
1702 3294 1825 3368 uulgari;
1839 3295 1905 3350 suh-

266 3387 354 3455 plices
368 3389 428 3460 ejus
444 3405 497 3445 non
516 3387 636 3454 admitti,
652 3389 817 3445 sententiam
832 3401 847 3441 a
860 3390 965 3459 priore,
979 3389 1057 3460 cuijus
1109 3392 1256 3448 stituenres
1270 3389 1355 3446 alium
1367 3388 1436 3461 (52),
1450 3391 1496 3461 qui
1513 3404 1564 3445 nee
1577 3387 1903 3454 decedentisuccedcret,

267 3495 371 3549 prauus
394 3482 535 3553 ingressus
557 3490 585 3538 ct
612 3481 731 3553 pessima
758 3483 931 3538 conruersatio
956 3482 1058 3540 dicitur

269 3582 436 3642 pragrostere
448 3583 475 3627 et
489 3586 662 3643 praepropere
676 3575 702 3627 in
719 3571 834 3630 clericos
847 3573 929 3629 latam
942 3574 1057 3644 irritari,

268 3664 352 3720 cellas
366 3662 648 3729 Grantdirnonteuses,
664 3680 725 3735 qna
747 3665 774 3720 iu
799 3675 872 3721 terra
895 3668 980 3738 ipsius
994 3677 1059 3725 suut

268 3755 435 3812 ordinationi
449 3755 541 3810 iratris
554 3755 584 3810 B.
596 3762 624 3810 et
637 3756 757 3826 episcopi
771 3755 937 3814 Parisiensis
950 3758 1019 3829 (lli,
1031 3768 1060 3815 el

268 3846 386 3901 aliorum
403 3844 577 3915 prudentium
593 3854 620 3901 et
638 3845 828 3916 religiosorum
842 3846 962 3903 uirorum
984 3864 1060 3904 eom·

269 3936 351 3991 nuittl.
366 3935 395 3990 Si
411 3935 577 3991 auctoritate
590 3943 682 3989 uestra
705 3934 763 3990 hace
778 3942 838 3989 acta
856 3934 973 4002 luerint,
989 3950 1059 4005 gau-

268 4029 344 4085 dehit
363 4043 446 4098 snper
466 4028 518 4083 hoc
539 4027 632 4082 anima
655 4025 758 4082 donnini
772 4025 866 4096 regis,
880 4027 1059 4097 quiquotidie

267 4136 321 4192 pro
348 4119 459 4177 Christo
475 4128 594 4193 pugnat,
615 4128 644 4174 et
662 4119 742 4190 quasi
764 4134 779 4173 a
806 4134 891 4190 reguo
914 4133 963 4190 pro
977 4133 1060 4175 cruce

267 4212 372 4268 Christi
398 4212 522 4278 exsulat,
548 4211 678 4282 gaudehit
702 4219 731 4267 cl
755 4211 859 4283 gratias
880 4212 958 4269 vohis
980 4221 1059 4284 agel,

268 4304 421 4361 Ecclesiam
437 4303 591 4359 horunanam
606 4314 635 4362 et
654 4305 782 4362 attollens
798 4306 953 4377 preconiis,
971 4315 999 4361 ct
1017 4321 1061 4363 se·

266 4397 389 4454 eundum
404 4397 518 4467 uestigia
534 4396 646 4453 Petrum
668 4412 781 4454 suorum
805 4399 833 4454 iu
849 4399 1059 4455 necessitatibus

267 4489 328 4558 ejus
343 4500 371 4544 ct
384 4491 521 4560 recipiens
532 4500 560 4546 et
574 4491 724 4547 honorans.
739 4489 767 4546 Si
781 4490 871 4557 aliter,
886 4491 958 4562 qrrod
971 4490 1057 4546 ausiti

1110 3499 1162 3541 nee
1176 3483 1296 3541 cedenti.
1315 3482 1343 3539 ln
1365 3483 1409 3539 his
1421 3483 1550 3539 omnihus
1567 3491 1677 3538 nonest
1697 3496 1811 3539 auersus
1827 3480 1906 3537 laroc

1110 3594 1221 3646 eorum,
1242 3579 1290 3636 sed
1315 3589 1401 3648 usque
1417 3576 1485 3632 adeo
1498 3589 1597 3632 uranus
1616 3589 1711 3632 eorum
1733 3584 1858 3643 extenta,
1876 3582 1907 3629 ut

1110 3685 1160 3745 per
1173 3672 1324 3741 potenciam
1343 3669 1518 3727 secundarium
1534 3683 1603 3739 qrros
1619 3668 1699 3724 insui
1715 3667 1837 3724 lusorem
1851 3668 1907 3725 illi·

1111 3766 1174 3821 citis
1190 3764 1297 3821 artibus
1317 3770 1345 3819 et
1365 3761 1529 3832 pecuniario
1548 3769 1658 3831 qnnaestn
1679 3760 1830 3817 conciliare
1851 3774 1906 3815 non

1113 3866 1235 3925 cessant,
1254 3856 1391 3913 calamum
1405 3856 1431 3910 in
1447 3856 1526 3911 nohis
1542 3863 1704 3920 conterere,
1719 3862 1746 3908 et
1765 3851 1849 3907 linum
1864 3852 1907 3907 iu·

1112 3948 1219 4020 migans
1235 3947 1413 4020 exstinguere
1429 3960 1478 4016 per
1495 3943 1538 4000 las
1557 3953 1586 4000 ct
1608 3944 1687 4001 uelas
1709 3943 1907 4000 immisericor-

1112 4040 1184 4095 diter
1211 4039 1366 4094 elaborent.
1392 4034 1479 4092 Unica
1502 4043 1565 4107 post
1596 4033 1683 4090 Deum
1706 4048 1769 4105 spes
1793 4043 1906 4102 uestra,

1112 4139 1201 4201 pater,
1220 4130 1247 4185 io
1270 4126 1640 4201 promotionezlarestna
1652 4126 1708 4198 (55)
1722 4125 1859 4195 consistit,
1877 4138 1908 4184 ut

1112 4225 1192 4295 cnjus
1202 4223 1229 4279 in
1239 4222 1350 4293 negotio
1360 4220 1436 4290 prius
1447 4220 1552 4275 exstitit
1565 4217 1825 4288 adjacensroluntas
1836 4219 1907 4276 horta

1112 4301 1330 4386 et⁰hcneplaccns
1339 4322 1366 4369 et
1377 4312 1510 4384 perlecta,
1522 4321 1656 4383 anantum
1669 4311 1734 4368 licet
1745 4319 1773 4367 et
1783 4312 1906 4383 expedia,

1111 4416 1236 4481 potestas
1249 4406 1395 4464 commissa
1408 4403 1542 4474 perlicere
1558 4403 1689 4471 inueniat,
1702 4415 1728 4460 et
1743 4385 1826 4459 iaciat
1842 4418 1908 4461 cott-

1113 4513 1260 4559 summare.
1273 4488 1565 4569 computrescatcirca
1585 4511 1644 4560 uos,
1658 4495 1681 4552 si
1697 4494 1797 4565 placet,
1811 4494 1905 4566 jugum

267 4584 371 4640 laetum
397 4583 494 4654 luerit,
521 4586 670 4640 timendum
692 4602 726 4642 ue
749 4586 886 4643 excitetur
907 4587 1059 4660 indignatio
1075 4571 1098 4628 Β
1115 4591 1249 4647 laicorum
1263 4603 1278 4643 a
1294 4587 1364 4644 iacis
1376 4588 1430 4644 olei
1446 4587 1504 4659 (st)
1518 4586 1613 4651 rreutri,
1627 4595 1656 4645 ut
1670 4601 1721 4642 nnec
1735 4586 1843 4642 Elieaer
1857 4590 1908 4642 do·

266 4675 341 4746 elus,
356 4685 384 4733 et
401 4676 463 4735 lidei
479 4693 530 4749 pro
543 4694 596 4749 qua
609 4678 710 4734 militat
723 4679 816 4733 minus
833 4678 955 4746 delerat,
969 4681 1059 4737 miuus

269 4785 347 4826 suam
357 4771 529 4830 clenotionem
541 4770 669 4827 Ecclesiae
679 4771 808 4825 honranae
818 4771 958 4836 eniriheat,
969 4772 1061 4827 minus

268 4863 400 4920 ohedieus
411 4864 523 4919 existat.
532 4864 565 4919 Et
578 4863 709 4934 qnoniam
722 4868 776 4919 tola
787 4862 927 4919 Gallicana
938 4862 1061 4921 Ecclesia

304 5020 362 5106 (49)
377 5020 416 5077 Eo
429 5032 553 5091 tempore
565 5020 708 5076 llanritins
717 5021 809 5075 sedern
823 5019 1006 5078 Parisieusem
1020 5022 1062 5079 dl·

269 5093 401 5160 guissime
411 5094 573 5162 occupabat,
588 5093 631 5146 nir
648 5090 783 5160 siqnidem
796 5091 907 5159 pietate,
924 5093 1060 5159 doctriua,

268 5160 436 5232 caterisque
449 5163 559 5219 dotibus
574 5161 753 5227 clarissimus,
767 5170 796 5213 ut
807 5160 864 5228 iarn
880 5175 961 5230 supra
974 5166 1061 5220 adtro-

270 5231 396 5286 tan-imos.

305 5300 363 5365 (50)
380 5303 442 5371 ugit
456 5304 490 5359 de
505 5302 649 5358 conversis
664 5300 771 5357 ordinis
791 5300 1060 5369 Grandimonteusis‚

269 5368 305 5423 de
319 5371 420 5494 gnidius
434 5374 560 5444 superius
575 5373 716 5427 disseruit.

307 5444 317 5510 (
340 5441 365 5509 l)
379 5441 425 5496 lhs
437 5445 527 5498 verinis
538 5442 674 5512 colligitur
685 5441 827 5510 epistolam
840 5442 919 5498 istam
932 5444 1063 5512 scriptam

269 5523 332 5564 esse
352 5515 462 5569 nonnriue
483 5513 613 5567 Berrrardi
640 5513 741 5582 prioris
762 5514 921 5567 nrrnrnasterii
943 5513 1064 5570 Grandi·

268 5583 442 5645 mnnlensls.
460 5599 475 5638 a
495 5584 638 5638 conuersis
658 5583 717 5637 suis
739 5581 883 5637 rchclhhns
903 5583 986 5654 ejecti
1000 5598 1064 5638 cnrrn

269 5652 380 5706 catenis
393 5654 450 5707 suis
462 5652 572 5707 clericis
587 5667 683 5706 sorum
700 5652 723 5705 ui
741 5651 846 5720 pariter
858 5655 1009 5725 oppressis.

307 5719 367 5790 (ddi
382 5720 506 5777 Fratrem
522 5722 628 5777 scilicet
649 5720 819 5791 Stephanum
846 5725 880 5780 de
906 5736 959 5792 turno
973 5737 1065 5779 serruo

242 5816 246 5825 ·
261 5788 391 5857 multatur
405 5794 486 5860 epist.
501 5791 562 5848 teu.

308 5860 367 5934 (55)
386 5863 499 5918 ridetur
517 5862 618 5934 scripta
639 5862 697 5919 haec
714 5859 827 5933 epistola
854 5877 931 5923 rutero
952 5876 1080 5943 pronao-⁴

1113 4684 1234 4738 minetur
1254 4681 1372 4736 hurahae
1386 4680 1457 4750 (55),
1471 4694 1521 4734 nae
1536 4678 1633 4738 Saratu
1650 4686 1808 4733 condemnat
1821 4680 1907 4750 Agar,

1114 4787 1165 4828 nnec
1182 4773 1267 4828 idiota
1286 4777 1446 4827 ccrntemnat
1458 4770 1608 4833 clericum,
1624 4783 1675 4823 nce
1690 4768 1777 4823 laicus
1791 4769 1907 4840 imperet

1113 4865 1260 4922 sacerdon.
1272 4865 1412 4935 Deiectum
1425 4860 1571 4925 restituite,
1585 4859 1681 4929 iurare
1693 4847 1905 4932 pusillanimem,

1115 5011 1906 5086 tionisUrhauiadsummumpontideatum,peuesortem,

1113 5104 1175 5144 cunr
1190 5087 1281 5142 adhue
1295 5095 1369 5140 esset
1381 5083 1541 5151 cardinalis,
1554 5084 1606 5140 hoe
1619 5084 1707 5155 ipsum
1720 5085 1907 5141 Grandiuscu-

1115 5158 1234 5215 tensium
1245 5155 1382 5228 negotium
1394 5155 1484 5237 iuerat
1493 5157 1638 5238 agitatum,
1650 5165 1797 5224 partesque
1805 5150 1908 5222 prioris

1114 5237 1211 5285 centra
1228 5240 1424 5281 corruersorum
1440 5240 1557 5295 tttJtrrras
1570 5227 1750 5280 sustinuerat.

1152 5299 1210 5368 (sl)
1235 5296 1281 5352 usn
1302 5298 1398 5350 tuodus
1419 5295 1547 5365 loquendi
1569 5296 1687 5349 usitatus
1707 5296 1734 5346 iu
1758 5291 1906 5361 Scriptura

1114 5385 1204 5433 sacra,
1219 5367 1294 5421 isaiae
1306 5367 1412 5422 seilicet
1423 5382 1451 5429 x,
1465 5380 1520 5434 quo
1535 5366 1704 5435 signitieatur
1715 5360 1834 5416 facilitas
1845 5375 1907 5430 quse

1117 5438 1250 5494 incumbit
1262 5436 1353 5500 alicui,
1370 5444 1399 5492 ut
1410 5451 1441 5491 se
1457 5451 1472 5490 a
1486 5437 1562 5506 grani
1578 5435 1688 5503 ruegotio
1697 5433 1834 5501 expediat.
1849 5432 1907 5486 lle·

1117 5507 1229 5578 tapinora
1245 5507 1325 5562 ducta
1337 5523 1352 5560 a
1365 5506 1530 5574 jugohoum,
1541 5507 1616 5573 quod
1628 5503 1728 5573 saepius
1741 5503 1801 5556 oleo
1810 5514 1908 5572 super-

1115 5578 1221 5700 iugum,
1235 5579 1345 5632 tandem
1360 5575 1504 5647 putrescit,
1520 5582 1548 5630 et
1559 5572 1641 5628 lacile
1656 5573 1794 5644 runnpitar
1805 5585 1839 5629 ac
1850 5573 1908 5630 dis·

1116 5668 1147 5706 su
1160 5649 1243 5705 uitur.

1152 5715 1209 5786 (55)
1225 5716 1347 5786 decess,
1363 5730 1460 5773 serens
1475 5715 1591 5784 imperet
1610 5712 1732 5778 domino,
1752 5711 1907 5782 attulitque
2009 5699 2014 5710 ⁸

1118 5791 1151 5845 ad
1165 5790 1192 5844 id
1207 5790 1279 5871 qrnod
1294 5787 1393 5871 legitur
1407 5785 1523 5843 Genesis
1538 5800 1585 5852 ar,
1601 5784 1635 5842 du
1647 5787 1788 5844 saeuam
1802 5791 1830 5842 et
1844 5798 1909 5843 uer·

1118 5858 1216 5918 nacula
1232 5875 1291 5932 epus
1309 5860 1426 5917 hlicner.
