4425 6450
281 406 334 464 lta
704 396 898 457 susstoms
914 394 1065 453 assatis
1086 392 1464 451 selittlctttttsttsclitlsls
1870 395 1923 452 168

280 529 422 594 operatur.
447 518 606 574 Tralnmtur
630 511 674 568 alii
697 510 845 569 dilectione
866 510 1022 568 inordinata
1038 507 1109 570 ibn
1126 505 1291 569 corrstantia,
1306 506 1352 576 quii
1369 506 1442 561 intus
1456 519 1504 574 per
1517 514 1633 574 gratiam
1652 503 1697 560 ilci
1717 505 1853 562 consolati
1867 517 1924 563 tru-

283 612 372 669 lorum
388 611 435 680 epti
453 619 550 665 natura
568 607 628 661 site
640 604 785 674 affinitate,
801 606 843 660 rel
859 619 1022 676 utrocunque
1034 602 1075 658 la·
1127 598 1254 655 didenmt
1275 613 1390 667 corpora
1407 612 1456 652 sua
1479 605 1591 666 propter
1612 596 1696 652 beorn
1712 598 1747 653 ad
1772 600 1918 669 supplicia.

282 702 452 759 miliaritatis
473 697 582 753 rinculo
610 697 677 767 ipsis
691 697 830 766 currjnncti
845 708 921 763 smu,
933 706 962 751 ει
984 697 1075 752 ideoa
1134 687 1188 745 iste
1201 698 1244 745 est
1258 690 1338 744 cibus
1359 687 1560 759 religiosorum,
1585 689 1632 757 qui
1652 689 1765 758 propria
1781 690 1925 748 volentate

281 795 329 854 sla
346 794 517 851 rectitudinis
531 793 663 849 deviant:
681 793 781 857 ouibus
793 792 901 863 lustitia
917 793 1074 848 necessaria
1127 781 1163 836 id
1183 780 1372 835 ⁸¹¹⁸¹i¹¹0¹lt¹i¹¹¹
1396 779 1497 834 sillem
1511 787 1540 834 0¹
1554 780 1641 847 sitim,
1657 780 1742 850 Μεθ’
1757 789 1787 836 0¹
1809 780 1924 839 ”illidi-

283 896 337 952 εει,
356 903 417 957 qum
440 888 467 942 lrt
491 894 617 941 ttetttram
643 896 748 956 partem
766 884 907 940 declinans
929 883 1077 954 utrieuique
1129 879 1196 936 [0¹⁰2
1213 870 1321 941 lisinis
1335 870 1458 940 ³¹5⁰Sti⁰0
1474 870 1582 926 labores
1595 870 1729 940 illurilttos
1740 870 1768 927 itt
1781 869 1925 930 claustrali

282 979 355 1051 quod
371 993 453 1033 strum
468 987 511 1033 est
525 977 672 1041 tribuiter
689 976 822 1031 illibatum
837 975 969 1031 custodit.
1127 978 1239 1021 earcere
1253 962 1361 1032 seipsos
1374 963 1555 1033 sepelierunt,
1570 963 1635 1030 Qua·
1649 963 1721 1019 enim
1733 964 1822 1021 virtus
1837 966 1926 1021 borul-

320 1068 376 1125 rlec
392 1069 534 1141 preterire
556 1068 700 1131 debemus,
712 1067 785 1136 otrod
799 1081 852 1120 non
868 1066 956 1121 solum
972 1073 1076 1130 rueme,
1129 1056 1173 1112 rtis
1187 1057 1222 1112 ad
1238 1057 1297 1112 baec
1319 1057 1458 1113 toleranda
1477 1056 1631 1122 subiceret,
1653 1056 1704 1111 nisi
1721 1058 1810 1127 gratia
1826 1058 1927 1112 dirirra

283 1161 333 1218 red
358 1174 385 1217 et
411 1161 468 1231 ipsa
485 1174 551 1214 area
578 1167 639 1214 erat
663 1159 696 1214 de
719 1157 801 1228 lignis
816 1157 906 1223 setirnr,
928 1156 1001 1225 quod
1023 1171 1076 1211 non
1128 1150 1326 1206 consolationis
1345 1150 1487 1206 roboraret
1503 1152 1641 1206 ltoruinem
1659 1150 1839 1206 interiorem?
1853 1151 1927 1206 bom

284 1253 373 1310 rolttm
389 1252 506 1323 praelati,
528 1251 582 1306 iuro
609 1259 663 1306 tota
689 1249 811 1305 Ecclesia
837 1248 1008 1303 subditorum
1027 1248 1079 1302 im·
1127 1256 1194 1314 ergo
1208 1244 1235 1298 in
1256 1244 1383 1315 prasenti
1400 1243 1521 1300 Ecclesia
1536 1243 1639 1299 clectos
1656 1259 1721 1299 suos
1740 1244 1853 1300 roborat
1877 1260 1927 1313 per

284 1360 383 1401 murres
411 1360 426 1399 a
456 1343 551 1410 siliis,
580 1354 607 1400 et
635 1341 816 1413 irnpntribiles
843 1340 991 1396 virtutibus
1018 1355 1079 1397 esse
1129 1336 1259 1407 gratiam,
1277 1337 1378 1406 quibus
1396 1338 1565 1393 ‹laturusesl
1588 1339 1615 1392 iu
1633 1339 1927 1393 lutrrrouitamreter-

283 1438 397 1495 debent.
421 1436 553 1508 Legimus
576 1446 667 1493 autem
690 1434 786 1507 (debr.
801 1435 841 1506 ιι)
866 1434 939 1504 quod
965 1433 991 1488 in
1014 1448 1078 1489 arca
1130 1442 1205 1493 uam,
1221 1442 1282 1498 quae
1296 1426 1371 1482 nullo
1386 1428 1478 1484 dolore
1494 1430 1630 1497 inibatur,
1643 1445 1692 1485 nee
1703 1428 1796 1499 aliquo
1808 1429 1926 1485 termino

290 1529 403 1587 luderis
421 1531 473 1586 tria
492 1530 551 1585 lraec
578 1530 699 1600 reposita
717 1537 807 1593 crant,
826 1527 955 1583 videlicet
979 1525 1079 1583 tabule
1130 1521 1236 1586 linitur,
1254 1530 1405 1590 prestante
1424 1523 1539 1580 llontiuo
1554 1538 1649 1579 nostro
1663 1520 1726 1578 lesu
1740 1521 1862 1588 lllrristo,
1875 1536 1925 1574 cu·

285 1623 459 1688 testamenti,
485 1622 561 1692 rirgu
578 1621 671 1676 daron
695 1636 756 1690 quire
771 1619 872 1682 deterit,
890 1633 988 1673 marrim
1007 1617 1079 1688 quod
1127 1611 1174 1683 jus
1188 1628 1301 1684 regnum
1317 1623 1345 1670 et
1357 1614 1502 1687 inlperinm
1523 1624 1666 1687 permanet
1687 1615 1715 1670 ia
1737 1613 1830 1670 secula
1847 1627 1926 1669 recu·

284 1714 322 1770 de
335 1716 405 1770 ctelo
415 1714 567 1769 descendit.
582 1711 650 1767 Cum
663 1722 754 1767 autem
768 1726 817 1780 per
828 1709 933 1777 arcam,
948 1719 1080 1778 quantmu
1132 1705 1232 1761 lurum.
1246 1705 1344 1762 limem

284 1807 322 1862 ad
343 1805 554 1860 aelisscminnem
581 1812 726 1867 nostram,
747 1801 921 1868 Ecclesiam,
945 1815 1007 1871 quae
1031 1815 1117 1906 ιιοεΒ
1413 1799 1533 1856 stitttlo
1548 1800 1646 1859 lists.

285 1912 393 1963 stratus,
422 1911 566 1967 possumus
586 1895 750 1966 intelligere,
777 1910 830 1949 non
859 1895 1010 1965 incongrue
1031 1909 1080 1965 per
1365 1908 1535 1949 lassaretur
1548 1908 1692 1949 oteramo.

287 1988 398 2045 sellulas
423 1988 581 2044 testamenti
607 1987 705 2057 duplet
731 1993 862 2041 statutum
883 1985 988 2040 ordinis
1008 1985 1082 2040 acci·
1167 1983 1217 2039 Est
1226 2000 1292 2055 puer
1306 2001 1375 2039 uum
1388 1986 1488 2056 telequi
1501 1986 1579 2041 landet
1591 1986 1706 2056 utrinque
1719 2001 1800 2053 pnner
1814 1985 1927 2040 derder-

288 2080 405 2151 piemus,
425 2095 543 2151 quereum
560 2094 646 2132 unum
663 2078 738 2133 reiut
755 2077 848 2131 tabula
873 2091 927 2131 una
946 2085 1080 2147 praecepta
1132 2091 1203 2140 reor,
1219 2086 1244 2131 el
1261 2077 1420 2146 decernimur
1435 2076 1528 2147 (doure.
1549 2082 1600 2145 rt).
1624 2076 1682 2130 lion
1704 2077 1850 2130 inritamus
1868 2090 1927 2139 res,

288 2171 428 2235 continu,
456 2184 517 2238 ntra
534 2176 598 2223 sunl
623 2167 833 2222 admittitur:
859 2165 975 2221 alterum
1000 2181 1080 2230 lero.
1134 2171 1234 2227 iratres
1255 2170 1438 2232 dilectissimi.
1456 2170 1489 2224 ad
1513 2186 1636 2225 inensam
1662 2169 1852 2234 illiusdiritir,
1879 2171 1927 2238 nui

289 2260 429 2317 relutnlia
443 2258 535 2314 tabula
549 2259 680 2325 securtda,
695 2259 815 2315 continet
831 2266 966 2329 precepta
978 2256 1082 2312 ordinis
1132 2260 1297 2331 epulabatur
1328 2260 1450 2330 quotidie
1476 2260 1628 2328 splendide,
1649 2276 1702 2314 uon
1722 2260 1756 2313 ad
1774 2260 1843 2315 ollas
1863 2274 1927 2313 car-

290 2353 326 2408 ad
349 2353 560 2408 aedilicstiooem
587 2351 698 2408 uternis.
723 2352 774 2420 Qtri
801 2356 926 2408 caritates
947 2361 1029 2417 snm,
1054 2354 1081 2405 ia
1133 2347 1221 2418 nimb,
1240 2351 1283 2406 rel
1298 2353 1332 2406 ad
1350 2351 1462 2407 ritulum
1479 2352 1649 2422 saginatum,
1663 2352 1727 2422 «prtia
1743 2352 1801 2408 bac
1814 2351 1868 2407 cibi
1880 2354 1927 2407 de·

288 2444 380 2514 prima
407 2440 500 2497 tabula
526 2442 620 2514 legum
640 2444 742 2510 rietus,
768 2444 895 2509 restitus,
912 2443 1083 2513 aliorumque
1133 2442 1279 2498 licutorum
1300 2453 1376 2507 sunt,
1392 2444 1440 2497 sed
1456 2446 1547 2513 potius
1565 2443 1598 2498 ad
1613 2443 1705 2498 elbum
1721 2451 1831 2499 tenuem
1847 2441 1930 2512 spiri·

290 2549 353 2605 rpus>
371 2534 404 2588 ael
431 2533 559 2589 solatium
586 2534 713 2603 corporis
734 2534 893 2604 pertinent,
919 2534 1026 2591 scilieet
1043 2535 1083 2588 lo·
1135 2540 1237 2594 letibus
1256 2537 1322 2592 airis
1338 2536 1486 2591 idoneum:
1502 2550 1556 2591 uon
1577 2544 1755 2606 procuratum
1776 2532 1930 2589 artrultitu·

289 2626 409 2697 quetidi,
436 2625 578 2697 spaciandi
610 2636 739 2697 qrtccruat
767 2628 981 2694 nburulanliam,
1011 2644 1083 2699 sape
1134 2634 1198 2689 dine
1220 2629 1403 2693 serrulurmn,
1430 2631 1477 2684 seul
1502 2645 1583 2699 «prtem
1606 2645 1674 2701 puer
1699 2637 1930 2684 uuussccumat·

289 2718 391 2775 tabulis
404 2719 586 2790 tnagisqnam
604 2721 734 2788 canticis,
754 2719 866 2777 lereulls·
879 2721 1084 2792 mtarrtjejtmiis
1136 2726 1209 2790 tulit,
1226 2722 1331 2779 babens
1354 2722 1477 2793 quinique
1505 2736 1592 2792 patrer
1619 2722 1788 2777 hordeaceos
1810 2730 1839 2776 et
1860 2720 1931 2775 duos

290 2827 405 2882 operam
421 2811 625 2882 impendentes.
642 2811 710 2867 liam
726 2814 798 2883 qrtod
815 2815 842 2868 in
858 2816 977 2871 secunda
993 2817 1082 2872 tabula
1135 2815 1237 2887 pisces.

288 2912 335 2960 est
373 2902 510 2973 spiritale,
542 2904 584 2958 rcl
614 2904 642 2958 in
672 2905 780 2961 rtrodieo
811 2906 853 2962 rel
882 2909 908 2961 iu
939 2907 1014 2962 nullo
1041 2922 1085 2963 re·
1171 2908 1290 2963 Puerum
1306 2909 1386 2964 istum
1402 2908 1489 2962 risum
1508 2905 1664 2977 religiosum
1680 2906 1739 2962 rive
1754 2906 1930 2962 claustralem

288 2994 428 3063 spiciunt,
463 2996 490 3051 iu
524 3010 578 3065 qua
601 2995 806 3051 studiosissime
834 2996 926 3067 legunt
949 2999 1001 3053 riri
1028 3000 1085 3069 spi·
1136 2993 1194 3051 sire
1207 2997 1350 3065 praelatum
1368 2996 1486 3066 intelligi
1503 2996 1638 3061 columns,
1652 2996 1698 3066 qui
1715 3011 1763 3065 per
1777 2999 1841 3052 rita
1852 2997 1931 3053 irreto-

291 3084 403 3152 uitales,
440 3087 487 3156 gui
516 3100 612 3142 curam
646 3088 772 3156 corporis
802 3097 1019 3157 postponentes,
1055 3089 1082 3145 iu
1136 3088 1256 3144 centiam
1272 3088 1352 3158 pueri
1372 3088 1453 3143 debet
1471 3087 1597 3144 imitator
1614 3088 1743 3143 existere.
1757 3087 1822 3143 ’irin
1844 3089 1931 3160 siqui·

289 3175 412 3248 jeiuniis.
432 3178 534 3251 sigiliis
550 3190 577 3236 et
592 3179 766 3235 orationibus
787 3180 912 3236 serrium
930 3182 984 3237 lieo
999 3181 1044 3238 die
1057 3192 1085 3238 et
1099 3189 1121 3249 c
1136 3179 1199 3238 dem
1214 3195 1302 3252 puero
1315 3180 1472 3238 necessaria
1496 3191 1571 3246 suut,
1595 3180 1795 3237 nutrimentum
1811 3193 1930 3250 natura,

292 3282 385 3328 erecte.
407 3272 606 3330 claustralibus
627 3282 718 3329 tataen
753 3273 898 3342 utriusque
918 3273 1018 3331 tabulae
1043 3276 1082 3331 lo·
1136 3274 1244 3346 puritas
1263 3273 1442 3339 irntocentiae,
1458 3273 1584 3329 custodia
1600 3274 1760 3344 disciplina.
1779 3271 1872 3329 Priore
1884 3287 1930 3330 er·

290 3363 367 3418 cutio
382 3365 552 3429 necessaria,
567 3374 597 3419 ul
612 3374 639 3421 ct
652 3367 813 3436 temporalia
829 3367 948 3423 babeant
965 3369 991 3423 in
1010 3383 1081 3438 prae·
1136 3382 1172 3438 go
1185 3366 1342 3423 clattstrnlis
1357 3365 1550 3421 debelleabere
1562 3365 1759 3421 nutrimentum
1771 3374 1886 3432 natura,
1901 3373 1933 3421 ut

291 3455 363 3509 senti
387 3457 441 3510 rita
469 3459 503 3511 orl
531 3457 702 3524 subsidium,
727 3466 755 3513 el
780 3458 912 3528 spiritalia
936 3472 1084 3517 exerceam
1135 3463 1239 3519 rictum
1253 3459 1541 3516 etuestitumlrabens
1555 3459 1599 3514 bis
1613 3458 1819 3525 contumescit,
1834 3467 1933 3530 quate·

290 3562 375 3617 opera
411 3548 445 3602 ad
478 3549 563 3603 uitam
590 3549 777 3605 obtinrmlam.
810 3549 863 3605 Per
890 3551 995 3623 uirgam
1023 3568 1085 3623 qua
1137 3551 1283 3622 ausisqui
1300 3553 1327 3607 in
1343 3550 1459 3622 vestigio
1471 3551 1597 3607 crucillxi
1609 3553 1706 3622 pedem
1722 3551 1932 3622 pessinunten-

292 3636 319 3691 in
332 3653 396 3693 mea
411 3638 499 3708 posita
516 3649 586 3705 erat,
610 3641 753 3710 disciplina
767 3643 902 3715 regularis
927 3646 1086 3703 severitatis
1136 3643 1207 3699 taria
1218 3647 1380 3713 paupertate
1393 3649 1485 3696 terreat
1500 3641 1616 3697 turmam
1629 3642 1765 3698 crneidti.
1783 3642 1837 3698 Sed
1852 3643 1933 3699 debet

292 3728 454 3796 accipienda
482 3741 535 3798 cst,
554 3746 677 3800 congrua
703 3733 773 3788 satis
792 3735 981 3792 similitudine.
1001 3736 1084 3807 Virga
1137 3737 1221 3793 etiam
1243 3736 1390 3807 puritatem
1411 3733 1516 3791 babere
1538 3735 1714 3802 innocentiae,
1738 3737 1804 3807 quia
1825 3746 1934 3808 etpuer

291 3824 432 3893 siquidem
453 3833 528 3878 recta
541 3833 593 3888 cst,
608 3825 730 3895 gracilis,
747 3836 774 3884 el
785 3825 924 3896 flexibilis,
935 3830 975 3885 sic
989 3840 1017 3885 et
1030 3830 1087 3886 ‹lis-
1138 3842 1154 3883 a
1169 3829 1291 3899 puritate
1314 3835 1358 3883 est
1382 3825 1483 3892 «lictus.
1507 3833 1537 3880 ¹¹1
1553 3835 1645 3882 ⁰¹⁰¹¹¹⁶
1665 3837 1692 3882 0²
1706 3841 1823 3896 ‘⁰59⁰'ss
1848 3841 1934 3896 llum⁸

290 3915 390 3985 eiplina
407 3931 455 3972 seu
473 3916 663 3987 vapulationis,
678 3934 726 3975 seu
738 3921 878 3991 clansoris,
893 3921 1087 3994 siteiacrepa·
1139 3921 1348 3980 immaculatum
1368 3935 1399 3978 se
1419 3921 1559 3977 custodial
1581 3921 1616 3977 ab
1642 3921 1696 3976 lroe
1719 3920 1825 3986 seculo,
1847 3929 1876 3974 ct
1893 3922 1935 3976 sle

293 4007 388 4072 tionis,
404 4008 446 4063 rel
467 4013 703 4083 quacunquealia
721 4014 754 4068 ad
767 4015 968 4072 correctionem
990 4017 1087 4074 fratris
1138 4015 1299 4071 innocenter
1330 4013 1449 4070 virendo
1472 4027 1503 4068 se
1527 4012 1615 4081 ipsum
1628 4010 1853 4069 oderatbostiam
1869 4026 1935 4067 san·

292 4100 320 4155 in
333 4101 453 4157 aredium
467 4106 585 4173 uenerit,
603 4115 687 4170 recta,
704 4107 729 4163 id
748 4117 801 4177 est,
819 4110 892 4180 justa
910 4125 974 4167 esse
994 4110 1086 4176 debet,
1139 4119 1224 4175 etant,
1246 4110 1397 4175 visentem,
1425 4107 1483 4163 lleu
1501 4104 1664 4178 placentem.
1689 4105 1773 4160 Debet
1787 4105 1871 4160 etiam
1883 4105 1934 4161 Ιιιι-

292 4202 324 4246 ιιι
339 4208 392 4247 non
403 4208 437 4249 ea
453 4195 625 4265 turtliguitate
639 4197 731 4253 cordis
742 4199 865 4266 prodeat,
885 4199 934 4255 sed
951 4201 1042 4272 petius
1053 4216 1087 4256 ex
1139 4201 1205 4257 bere
1233 4200 1384 4257 custodiam
1403 4199 1566 4270 disciplina,
1582 4209 1614 4254 ut
1636 4199 1773 4270 regularia
1796 4208 1934 4268 praecata

292 4286 385 4341 radice
405 4286 562 4342 charitatis.
576 4286 621 4342 Sic
636 4298 663 4344 et
679 4289 824 4360 disciplina
838 4293 950 4364 gracilis
966 4308 1027 4349 esse
1041 4293 1089 4349 dc·
1139 4295 1285 4366 diligenter
1307 4293 1465 4349 custodiens
1490 4294 1525 4349 ab
1539 4292 1600 4349 istis
1613 4292 1773 4349 excessibus
1784 4294 1933 4357 abstineat,

292 4373 350 4442 bet,
367 4376 392 4431 id
406 4386 461 4440 est.
475 4379 585 4434 bumilis
597 4387 729 4450 qrtarrtmu
742 4381 776 4436 ad
787 4383 977 4450 sustinentem,
994 4393 1021 4438 nt
1034 4387 1086 4439 bu·
1139 4398 1168 4445 et
1184 4399 1280 4444 sancta
1304 4387 1512 4444 conversatione
1528 4385 1590 4442 aliis
1606 4387 1760 4458 erernplum
1774 4385 1935 4457 protieicudi

294 4469 396 4525 utiliter
416 4484 524 4540 prunam
540 4472 761 4544 sustineatque
778 4474 1074 4548 ipsiusdiluitculpmr
1139 4480 1279 4536 erlribent.
1306 4477 1360 4534 lsta
1391 4481 1507 4550 pruentia
1531 4478 1689 4534 claustralis
1714 4481 1766 4535 tria
1788 4479 1858 4534 burra
1884 4479 1936 4535 lta·

293 4579 329 4621 ιιε
341 4564 363 4619 si
382 4563 451 4619 torto
468 4564 578 4620 rebellis
589 4576 617 4622 et
632 4566 778 4636 impatiens
791 4568 885 4634 luerit,
901 4570 984 4625 etiarn
997 4570 1088 4640 proie-
1140 4571 1189 4627 bet
1207 4571 1258 4627 sibi
1282 4572 1523 4639 atlrrrluiculnntia,
1540 4573 1669 4642 spirltum
1694 4571 1837 4634 libertatis.
1864 4587 1937 4643 gau·

293 4654 380 4709 roardo
401 4654 681 4725 elisciplinammagis
706 4666 836 4725 provocet
858 4657 1085 4730 lrmnlleiquam
1140 4663 1219 4718 dium
1248 4664 1418 4731 securitatis,
1449 4664 1640 4721 fortitudinem
1663 4664 1829 4721 dilectionis.
1847 4661 1937 4734 Spiri-

295 4746 527 4802 misrricordiam.
550 4747 629 4804 Sicut
645 4751 822 4819 autmaritga
838 4749 966 4806 llexibllis
980 4759 1034 4816 est.
1057 4761 1088 4808 ut
1141 4765 1200 4811 turn
1228 4754 1376 4821 libertatis,
1400 4767 1430 4811 ut
1452 4757 1569 4828 spiritus
1596 4754 1668 4812 liber
1696 4756 1731 4810 ab
1756 4753 1937 4813 interioribus

293 4839 328 4894 ad
343 4840 511 4896 volerntatem
532 4841 652 4896 ederitis
677 4840 741 4896 binc
758 4841 822 4896 inde
841 4840 913 4896 llecti
931 4852 959 4898 et
978 4844 1087 4899 curtari
1140 4849 1225 4916 uitiis,
1240 4860 1332 4905 mente
1358 4865 1412 4905 uon
1437 4849 1541 4905 serriat
1566 4849 1620 4922 legi
1646 4847 1773 4920 peccati:
1802 4849 1936 4918 gaudium

294 4932 393 5002 possit,
405 4933 446 4988 uic
460 4942 488 4989 et
509 4934 654 5004 disciplina
668 4933 824 4989 claustralis
840 4933 977 5003 lleribilis,
991 4937 1018 4992 id
1034 4947 1086 5003 est,
1144 4942 1317 5010 securitatis,
1348 4950 1379 4996 ut
1395 4957 1445 5012 per
1470 4940 1541 4998 bona
1557 4956 1639 5011 opera
1654 4942 1791 4997 exteriora
1808 4954 1936 5008 securm,

294 5043 348 5081 non
363 5026 444 5080 nimis
459 5026 544 5095 rigida
560 5041 622 5081 essu
635 5025 718 5082 debet
736 5044 745 5081 ι
763 5042 797 5083 nc
812 5027 991 5084 irnntodcratn
1009 5046 1088 5088 sete·
1141 5051 1195 5090 nou
1222 5036 1403 5106 pertimescat
1418 5034 1557 5090 maliciam
1577 5034 1674 5090 alienae
1690 5035 1861 5105 iniquitatis:
1878 5034 1922 5092 lor

295 5119 363 5171 ritas
376 5117 540 5173 deteriorem
555 5116 640 5172 iaciat
659 5131 721 5172 eom
742 5119 789 5189 qni
806 5121 970 5190 corripitur,
985 5130 1012 5176 et
1028 5120 1089 5176 ml·
1142 5128 1286 5184 titudinem
1301 5127 1471 5195 dilectionis,
1485 5139 1516 5184 ne
1533 5128 1590 5186 Deo
1607 5128 1718 5186 sortiter
1731 5130 1873 5186 adiment
1888 5144 1939 5200 por

295 5224 346 5264 uus
367 5207 465 5263 llatde
486 5207 634 5263 rrredicina.
657 5207 756 5264 Manna
780 5211 807 5266 in
835 5228 900 5267 arca
928 5214 1088 5282 repositum,
1141 5218 1268 5274 allectum
1309 5219 1467 5277 ellaritatis.
1497 5218 1576 5276 Sicut
1599 5219 1675 5276 euim
1707 5223 1842 5289 scripturn
1872 5231 1937 5287 est,

295 5300 367 5370 utrud
381 5300 408 5355 iu
427 5315 475 5356 ore
497 5299 670 5356 courtetlemis
694 5298 774 5356 dulce
797 5312 857 5358 crat
878 5315 1008 5374 tnnmtam
1024 5304 1089 5372 mel,
1141 5309 1223 5367 luetis
1245 5319 1276 5366 ut
1295 5326 1370 5366 edors
1385 5320 1427 5368 est
1442 5311 1555 5370 dilectio
1579 5310 1659 5384 (Con.
1685 5312 1761 5384 rard:
1777 5310 1842 5383 quia
1864 5310 1938 5367 rictu

293 5391 448 5448 consolatio
461 5392 561 5447 ditium
575 5394 670 5461 gratie
685 5402 728 5448 est
751 5394 777 5447 iu
794 5393 927 5458 Ecclesia.
946 5413 994 5468 per
1008 5414 1090 5468 qulam
1141 5403 1262 5459 animant
1285 5412 1396 5475 separat
1420 5420 1435 5458 a
1456 5405 1598 5463 consortio
1631 5406 1739 5470 carnis,
1760 5407 1797 5459 ila
1827 5402 1939 5460 dilectio

296 5483 365 5539 iuter
385 5483 493 5540 laborer
513 5486 575 5539 ritae
597 5485 743 5555 presseritis
764 5486 816 5542 riri
838 5487 906 5556 justi
927 5489 1093 5560 spiritaliter
1141 5492 1191 5553 bei
1206 5505 1315 5566 separat
1339 5497 1459 5550 animam
1489 5496 1837 5555 acaraalibusdesideriis.

297 5576 471 5644 rctleiuutnr,
493 5586 522 5633 ut
540 5579 634 5633 nnrrrdi
649 5579 729 5649 bidus
751 5580 940 5639 tribulationes
954 5584 1092 5654 patienter
1179 5585 1234 5643 Sed
1247 5597 1311 5644 sunt
1324 5587 1376 5644 tria
1390 5587 1467 5655 rltia,
1484 5605 1545 5660 pure
1558 5591 1649 5647 tribus
1664 5592 1829 5662 supradictae
1845 5589 1939 5657 prtem·

296 5668 462 5738 sustineant,
478 5686 621 5742 qrrousque
641 5672 675 5728 ad
695 5673 766 5726 buna
783 5681 885 5728 aterna
899 5686 927 5730 et
943 5677 1091 5733 inuisibilia
1143 5682 1237 5737 tertiiae
1248 5680 1329 5738 bonis
1342 5681 1534 5750 adversantur,
1551 5685 1683 5751 avaricia,
1698 5701 1759 5754 pua
1774 5684 1940 5740 adversatur

297 5757 376 5815 dnito
389 5761 451 5816 rita
466 5762 547 5834 lenius
559 5768 647 5822 stadio
662 5766 833 5838 perseniam.
852 5767 909 5827 lloe
923 5770 984 5827 cibo
998 5771 1091 5843 (eptem
1143 5771 1301 5829 trecessitati
1313 5783 1418 5837 naturae
1430 5786 1438 5828 :
1450 5776 1683 5847 concupiscentia,
1699 5791 1761 5847 qua
1775 5782 1941 5835 adiceretur

297 5867 399 5910 mannua
421 5854 552 5926 dirimas)
573 5861 679 5921 nutrita
692 5870 733 5920 erl
753 5863 842 5925 oiuiais
862 5864 908 5926 illa
926 5877 1087 5926 stricturum
1143 5861 1256 5936 puritati
1274 5862 1628 5950 irrmtlarncgligemia
1641 5887 1701 5943 qua
1714 5872 1874 5930 adremmon·
1888 5889 1937 5927 eu·
