4425 6450
281 440 334 502 us
780 423 1210 493 slucttt'ntronrttcissts
1229 427 1384 492 ttetst'out
1873 426 1936 493 ιιι

281 564 389 623 cedere,
404 569 453 617 trec
467 549 746 627 subditospostulare.
760 554 846 610 Tanta
860 570 922 608 com
935 552 1076 622 diligentia
1093 562 1158 618 get
1184 553 1277 607 lrumiti
1302 553 1485 610 sollicitudine
1513 552 1645 608 bertelmia
1663 562 1754 609 restra
1781 559 1928 627 prosequi·

282 652 450 715 curavimus,
464 648 546 704 tantis
559 645 702 716 impendiis
720 645 878 705 extulimus.
895 643 1075 698 toototarore
1127 658 1200 708 ntur,
1222 644 1297 698 illum
1323 646 1349 699 in
1376 645 1454 699 vobis
1469 644 1546 699 lieris
1570 644 1683 715 genibus
1699 647 1857 712 adorantes,
1888 649 1923 703 de

283 744 412 810 lusimus,
430 752 459 796 ut
479 756 541 795 eom
557 738 676 794 solutum
700 738 735 791 ab
751 736 907 791 obedientia
923 744 1016 789 nostra
1032 749 1071 788 re·
1127 734 1204 803 cujus
1228 734 1395 804 plenitudiue
1420 737 1575 806 acceperis,
1593 745 1622 789 ιιι
1637 744 1664 790 et
1684 737 1806 792 clmritas
1830 749 1925 794 vestra

282 837 391 891 mittere
407 831 474 887 niltil
486 830 561 886 alind
575 838 656 900 quam
672 829 799 884 amittere
809 828 986 883 aestimetnus.
1000 825 1078 880 Absit
1129 840 1182 880 non
1197 826 1305 881 deliciet
1313 825 1440 895 singolis,
1452 835 1478 880 et
1494 824 1611 880 subiciat
1622 826 1769 885 uniuersis.
1785 828 1928 887 calamum

283 937 313 983 ut
328 925 478 996 accplntlus
497 932 578 979 exeat
592 940 607 978 a
622 924 715 987 uobis,
732 933 760 979 et
776 934 903 993 tanquam
919 918 1008 976 tentis
1028 934 1078 974 ex·
1129 928 1290 989 quassatum
1306 922 1497 985 conterebant,
1512 918 1558 973 alli
1576 917 1660 973 linum
1675 918 1810 989 fumigans
1824 930 1930 981 exstin-

283 1019 388 1090 pusittts
405 1016 467 1073 sinc
479 1015 560 1072 titulo
584 1011 723 1083 clericus,
750 1016 811 1070 sine
832 1012 967 1085 stipendio
988 1011 1077 1076 tniles,
1129 1011 1259 1080 guebant,
1273 1021 1302 1068 et
1313 1027 1410 1068 eccea
1430 1013 1656 1082 quatuorcentis
1673 1013 1830 1072 insufflante
1845 1031 1930 1087 super

282 1110 342 1166 sinc
353 1107 450 1162 solatio
468 1115 577 1178 togatus
588 1106 736 1169 discurrat,
752 1102 914 1158 miraculum
932 1100 1000 1165 suis,
1016 1112 1078 1168 spe·
1131 1118 1180 1159 uos
1194 1103 1297 1174 Spiritu
1314 1102 1396 1175 197
1412 1104 1472 1171 liei,
1487 1104 1627 1161 beneficiis
1642 1116 1670 1161 et
1688 1106 1859 1163 orationibus
1879 1124 1929 1164 ue·

283 1197 420 1254 clnculum
448 1198 556 1255 alicnis.
582 1196 621 1252 lle
650 1204 741 1251 tamen
765 1204 885 1250 uestram
907 1190 1079 1247 ollendamus
1130 1196 1196 1251 stris
1208 1211 1270 1251 ussa
1290 1205 1386 1253 nostra
1401 1196 1477 1250 arida
1498 1196 1675 1252 reviviscunt.
1699 1196 1726 1251 ln
1743 1195 1820 1253 latsis
1837 1197 1931 1253 iratri-

283 1292 410 1363 dfflifflb
425 1306 461 1347 ne
472 1300 592 1348 vestram
603 1290 778 1347 incurramus
792 1286 938 1350 uliertsam.
949 1300 1010 1339 cum
1025 1297 1077 1335 ¹¹0⁰
1131 1286 1181 1344 bus
1194 1290 1315 1357 pericula
1336 1290 1420 1359 passi,
1447 1291 1473 1345 in
1498 1288 1614 1345 consilio
1629 1290 1716 1355 dolos,
1737 1290 1930 1362 praejudicium

286 1394 417 1452 tanquam
429 1381 499 1453 apud
512 1397 563 1438 nus
577 1381 731 1452 depositum
747 1379 825 1435 uubis
837 1378 1018 1441 resumimus,
1031 1372 1078 1428 sed
1131 1380 1159 1434 itt
1175 1397 1268 1446 carisa,
1284 1382 1441 1436 uiolentiam
1459 1383 1486 1435 in
1501 1380 1577 1453 luga,
1593 1382 1686 1452 ejecti,
1705 1384 1818 1454 pulsati,
1836 1383 1930 1440 alllicti

287 1482 416 1544 ¹³¹¹dl¹²¹⁰
434 1473 513 1528 ⁰0¹li⁸
530 1474 682 1543 illl⁰⁵i¹¹¹⁰l
701 1486 762 1526 0¹¹¹ss
781 1469 860 1527 l⁰bis
875 1468 983 1525 interim
1001 1482 1076 1522 0⁰¹⁰·
1132 1475 1317 1539 coutunteliis,
1332 1477 1447 1531 saturati
1463 1476 1628 1547 opprobriis,
1646 1479 1790 1533 sacerdote
1804 1481 1832 1534 ct
1849 1477 1930 1533 levita

285 1568 456 1624 urendutnus.
469 1566 548 1634 Quod
566 1566 588 1621 si
605 1582 653 1636 per
670 1564 716 1620 liei
733 1563 943 1633 prouidentiam,
960 1573 987 1617 et
1000 1576 1079 1630 opem
1134 1562 1351 1629 transeuntibus,
1376 1564 1523 1620 semivivos
1539 1580 1553 1617 a
1569 1575 1667 1620 sancto
1690 1563 1868 1622 cisterciensi
1883 1583 1931 1623 or·

285 1658 365 1715 simul
388 1675 420 1715 ac
442 1675 551 1728 operam
580 1669 710 1724 restrum,
728 1656 763 1712 ab
786 1655 924 1711 bumiliori
946 1654 979 1709 ad
993 1654 1081 1709 subli⁴
1132 1654 1197 1711 dine
1221 1656 1279 1711 ucri
1296 1656 1463 1713 Samaritani
1486 1659 1618 1729 discipulo
1644 1660 1764 1730 suscepti
1780 1676 1885 1725 surinus,
1903 1672 1932 1715 et

285 1751 399 1805 urionem
415 1752 542 1819 gradum,
567 1767 582 1804 a
610 1749 730 1805 scabello
744 1750 779 1804 ad
796 1748 998 1812 catltedram,tt
1021 1746 1080 1818 pul·
1135 1761 1189 1801 non
1216 1749 1346 1818 usquein
1362 1750 1512 1816 stabulum,
1540 1751 1587 1806 sed
1611 1765 1698 1821 usque
1725 1753 1751 1807 irt
1773 1753 1930 1809 cubiculum

285 1858 350 1899 uere
370 1842 546 1911 subjectionis
568 1844 602 1897 ad
623 1842 761 1912 speculam
778 1839 918 1912 regiminis
931 1839 988 1909 (il)
1017 1854 1079 1894 ctnn
1134 1838 1274 1908 genitricis
1285 1856 1340 1895 suae
1350 1842 1484 1911 perdocti,
1498 1858 1595 1913 panem
1612 1841 1730 1899 stilorum
1742 1845 1822 1915 coplo
1836 1860 1855 1901 c
1867 1861 1930 1903 cum

286 1951 385 1989 ructare
401 1934 557 2005 contigerit,
582 1930 608 1988 in
628 1935 678 1988 ltoe
693 1933 820 1988 laudabili
835 1929 960 2002 proiectu
975 1938 1004 1983 ct
1016 1942 1081 1997 pro·
1097 1914 1119 1974 Β
1133 1932 1174 1986 eis
1192 1932 1370 2002 sumpsimus,
1392 1935 1494 2003 quibus
1520 1937 1598 1991 micae
1621 1937 1751 1992 cadentes
1777 1940 1811 1994 de
1836 1956 1932 1996 mensa

285 2040 367 2080 uetrtu
394 2025 503 2095 plenam
527 2024 606 2097 195
629 2026 653 2079 ei
680 2023 878 2080 absolutionem
899 2020 1080 2089 indulgemus,
1133 2020 1307 2078 dominorum
1330 2032 1486 2081 nostrorum
1505 2025 1629 2082 sufficere
1650 2029 1819 2086 debuissem.
1843 2030 1932 2088 Colle·

287 2120 394 2190 pteram
414 2120 592 2172 totteettimns
605 2118 768 2173 libertatem.
1134 2112 1214 2182 gistis
1239 2117 1360 2183 exsules,
1376 2116 1535 2188 suscepistis
1559 2116 1674 2187 eiectos,
1692 2120 1803 2189 juvistis
1823 2124 1932 2192 pusillas

517 2220 849 2287 pppspoppcxxpppp·
1135 2203 1234 2273 uitnes,
1263 2204 1401 2263 refovistis
1423 2207 1548 2277 debiles,
1579 2212 1714 2269 mendicis
1744 2214 1842 2285 stipem
1871 2230 1933 2286 qum

495 2341 527 2379 Μ)
542 2341 567 2381 ὓ,
583 2339 706 2379 mm„
721 2340 744 2378 s·
766 2338 875 2379 mm
1134 2295 1291 2366 sufficeret,
1319 2299 1462 2357 imbecillis
1483 2315 1563 2372 opem
1590 2318 1651 2375 qttae
1679 2306 1842 2376 proficeret,
1866 2310 1933 2364 sim.

286 2415 370 2489 pm,
394 2436 441 2490 p„
468 2420 583 2488 ,wopam
604 2417 730 2486 suppum,
753 2425 782 2469 η,
808 2416 914 2485 cuppam
942 2414 992 2484 ,W
1020 2428 1084 2467 con,
1134 2385 1251 2456 plicibus
1265 2387 1420 2457 consiliunt,
1442 2391 1612 2463 supplicibus
1638 2394 1771 2450 auxilium
1798 2396 1933 2467 impendi-

642 2492 731 2541 oouet.
1135 2478 1196 2534 stis.
1222 2478 1250 2533 ln
1283 2481 1326 2536 bis
1350 2483 1477 2540 omnibns
1507 2488 1572 2555 tpoid
1602 2489 1759 2544 retribuere
1786 2504 1933 2559 possumus

323 2581 492 2638 clrpriseiorp
509 2580 619 2636 ιιιιιιιῑῃο
635 2579 749 2634 repperi
765 2576 1015 2634 G‚abpaglsa.1p15
1032 2576 1083 2631 sp.
1135 2568 1256 2627 demittis
1285 2577 1387 2630 uostris
1421 2592 1470 2646 pro
1500 2579 1627 2635 omnibus
1656 2596 1716 2652 qum
1744 2583 1933 2637 retribuerunt

288 2678 353 2749 tyri,
372 2671 532 2731 stentoreos
555 2676 588 2728 de
602 2673 706 2729 Sancta
728 2672 866 2730 senoreto
883 2672 971 2727 dictus
987 2672 1081 2738 abbas,
1136 2662 1236 2718 nobisi
1260 2664 1403 2723 Retribuat
1429 2670 1507 2725 robis
1530 2672 1602 2728 [leus
1625 2676 1776 2730 mere-elem
1789 2674 1867 2743 justi,
1886 2676 1932 2745 qvi

287 2782 445 2826 cotmnuocs
461 2767 641 2822 orationesio
656 2765 781 2839 licutino.
1135 2770 1185 2812 uos
1201 2760 1328 2827 quatnris
1354 2760 1472 2832 injustos
1498 2763 1526 2819 itt
1550 2765 1661 2820 nornine
1682 2764 1751 2834 justi
1779 2769 1931 2838 recepistis.

322 2856 488 2934 deperimus
500 2860 646 2916 etdnritim
661 2858 784 2929 plerique
805 2873 855 2913 nos
871 2868 1000 2928 arguunt,
1016 2873 1083 2927 qoo-
1135 2842 1189 2900 Sed
1206 2848 1335 2916 quomam
1351 2851 1489 2921 negotium
1506 2864 1629 2910 nostrum
1644 2866 1772 2927 tanquam
1789 2859 1816 2913 in
1831 2868 1933 2915 statera

292 2959 347 3014 ties
362 2958 443 3028 paulo
457 2956 549 3011 acrius
567 2965 613 3008 aut
628 2953 938 3020 erratnescorrigtmns,
954 2960 1003 3007 aut
1021 2966 1083 3007 cor·
1135 2952 1284 3011 appensum
1312 2957 1441 2998 ¹¹¹⁰l⁰¹1¹i
1463 2946 1552 3003 adbuc
1576 2956 1604 3004 01
1624 2947 1755 3016 flutluistr
1786 2962 1814 3007 et
1831 2954 1932 3009 sumlui

289 3053 403 3123 ripitutts
417 3049 562 3120 inquietos.
576 3046 654 3113 Quod
670 3045 693 3098 si
718 3042 823 3114 lapsum
850 3045 983 3113 relevare,
1003 3045 1084 3119 190
1134 3040 1274 3106 pottttncts
1289 3056 1405 3098 eramen
1421 3054 1574 3116 exspectat,
1594 3062 1645 3105 nos
1665 3049 1692 3104 in
1708 3049 1766 3105 sola
1782 3051 1830 3108 liei
1850 3054 1934 3110 mise.

289 3152 450 3216 pereuntem
472 3133 1008 3210 recipere,urendieantemproioribus
1030 3150 1082 3188 au·
1137 3133 1256 3189 ricordia
1293 3146 1463 3205 sperantes,
1495 3149 1597 3196 sanctae
1624 3142 1798 3211 paternitatis
1833 3157 1934 3202 vestm

290 3241 351 3295 dire
367 3236 550 3308 negligamus,
569 3229 694 3286 crudeles
708 3243 759 3284 nos
773 3228 936 3284 denuntiant
950 3237 977 3284 et
990 3227 1119 3315 proti-c
1135 3223 1250 3295 genibus
1277 3224 1397 3282 advoluti
1425 3227 1620 3298 supplicamus,
1648 3247 1777 3304 rogamus
1798 3244 1827 3291 et
1848 3236 1932 3292 obse.

289 3345 349 3386 mos
368 3322 525 3384 bomicldis.
539 3322 569 3378 ln
585 3323 674 3392 primo
690 3319 713 3375 si
729 3318 940 3385 excesserimus,
956 3333 1010 3374 non
1026 3319 1084 3374 eri·

289 3427 369 3489 getnr
385 3425 442 3470 uta
463 3412 543 3469 nobis
564 3409 681 3466 subditis
697 3407 754 3478 (ᾗ)
775 3405 884 3462 reniam
903 3406 1082 3477 postulemus.

290 3514 319 3569 ln
335 3511 454 3569 secundo
469 3506 701 3578 considerandum
725 3513 769 3557 est
791 3512 894 3572 quanta
919 3500 1085 3554 discret‘uue

291 3609 346 3678 regi
363 3605 462 3662 debent
476 3603 521 3675 qui
533 3599 690 3672 president,
706 3606 734 3652 nt
747 3598 819 3653 circa
831 3595 954 3652 subditos
967 3609 1084 3665 percun-

291 3709 334 3755 tcs
352 3696 541 3754 misericordia
567 3691 672 3758 vigilet,
696 3689 833 3743 excitetur
857 3689 955 3756 pictas,
981 3695 1085 3740 tuotont

291 3797 393 3870 pariter
407 3801 434 3846 et
445 3790 555 3845 modum
567 3785 694 3841 uindicta
707 3794 838 3854 paternus
853 3793 945 3838 emeat
958 3780 1082 3837 allectos.

278 3890 354 3944 ‘inde
364 3895 404 3942 est
417 3884 489 3955 quod
501 3896 551 3953 pro
566 3878 742 3951 presentium
758 3877 845 3931 latore
860 3876 944 3930 iratre
956 3891 1042 3946 nuper·
1057 3885 1085 3930 et

290 3980 424 4037 canonico
442 3985 536 4038 nostro
555 3986 651 4045 preces
669 3968 764 4037 londo,
786 3968 993 4039 otsnpplicanti
1016 3982 1085 4036 patt-

290 4072 371 4126 datur
394 4070 496 4133 aditus,
520 4065 665 4136 colligatur
685 4077 769 4135 uagus
797 4070 825 4117 et
850 4060 982 4130 prologus
1004 4075 1086 4130 snper

292 4175 407 4227 terram,
425 4175 459 4215 rte
473 4160 501 4215 in
513 4156 583 4213 saltn
598 4155 714 4212 salutem
738 4153 857 4220 amittat,
871 4153 898 4206 in
910 4164 1024 4206 excessu
1038 4151 1086 4203 de-

291 4261 382 4322 cedat,
405 4259 431 4312 in
445 4270 521 4311 mura
536 4261 651 4309 mortem
667 4250 798 4312 incurrat,
812 4247 887 4304 brevi
903 4248 938 4302 ad
951 4260 982 4301 se
994 4260 1087 4302 reucr·

291 4366 337 4406 sus
354 4364 455 4422 patrous
466 4348 534 4410 dies,
549 4360 617 4416 quos
631 4343 697 4398 loris
714 4355 776 4395 cum
795 4340 902 4397 carnali
915 4350 1002 4395 matre
1020 4353 1087 4408 pne·

292 4444 380 4499 riliter
397 4442 463 4512 egit,
481 4440 507 4495 in
530 4439 635 4509 gremio
651 4435 747 4492 matris
763 4449 819 4491 suae
835 4433 985 4505 spiritualis
1001 4433 1086 4489 multa

292 4536 453 4607 poenitetttia
471 4533 589 4588 viriliter
605 4532 740 4586 redimere
758 4527 912 4584 contendit.

513 4622 680 4680 cessrunt
695 4620 862 4678 cxxxvlii.

291 4735 326 4777 Ab
347 4732 469 4775 acutis!
489 4730 697 4773 ctsrttncmusstt
712 4729 760 4769 SUB
782 4729 898 4768 PERSONA
915 4727 1084 4770 CLERlCORll!

544 4799 828 4844 ouasbtuonrtttsttttt.

376 4883 470 4940 Grates
482 4885 597 4955 reperent
610 4901 658 4955 pro
672 4883 804 4953 betteliciis
818 4886 869 4938 sili
883 4884 986 4938 collatis

330 4975 362 5057 Ep
375 4977 398 5033 si
412 4991 465 5032 non
476 4977 612 5046 comligna
628 4977 779 5044 gratiarum
797 4977 917 5041 actione,
932 4976 974 5047 pia
992 4984 1084 5034 tumea

294 5116 396 5173 nocitos
422 5112 618 5185 protessiooem
636 5114 790 5186 religiosam
805 5119 949 5183 eotittere,
968 5133 1000 5173 ac
1022 5128 1084 5174 rota

294 5186 400 5257 publice
429 5183 554 5256 prolerre
583 5183 674 5238 serbis
700 5185 862 5253 quibusdam
887 5187 1030 5256 conceptis
1056 5199 1085 5243 et

294 5256 494 5319 determinatis,
518 5255 675 5323 scriptoque
689 5255 867 5326 consignatis.
893 5257 1030 5312 Scribitur
1051 5259 1085 5314 do

294 5327 325 5381 ll.
341 5325 480 5396 Stcpbano
502 5325 536 5380 de
557 5325 663 5378 lloreto
683 5325 828 5380 luttdature
846 5329 951 5381 ordinis
965 5326 1085 5382 Grandi·

296 5407 419 5452 rrttmtcns
430 5411 453 5461 s,
466 5407 547 5465 uttpte
557 5406 636 5449 antea
648 5395 781 5450 canonico
793 5397 921 5464 regulari,
933 5399 1004 5466 qnol
1020 5413 1083 5452 com

294 5465 656 5536 scripsissetprofessionem
666 5479 744 5519 suam
758 5465 785 5520 in
799 5468 906 5531 cltarta,
923 5481 984 5521 eam
1000 5469 1084 5537 capiti

295 5553 345 5592 suo
359 5539 499 5611 imposuit,
515 5538 627 5591 dicens:
656 5553 666 5587 t
692 5536 872 5606 titttttipotens
886 5548 915 5591 et
929 5538 1086 5594 misericors

296 5607 377 5671 ilctts,
389 5610 440 5677 ego
454 5608 539 5663 l'rater
558 5606 711 5676 Stephanus
725 5607 852 5675 promitm
865 5607 913 5662 tibi
929 5623 973 5663 me
986 5611 1085 5665 atomio

295 5675 504 5732 sentiturunt'ln
526 5680 577 5733 bac
591 5691 684 5732 ercrno
700 5680 726 5732 itt
750 5678 801 5731 tide
816 5676 961 5745 catltolico,
980 5689 1007 5733 et
1023 5695 1086 5748 pro·

296 5755 356 5818 pter
368 5747 418 5801 buc
433 5763 504 5817 putto
520 5750 643 5802 citartasn
657 5749 737 5803 istam
752 5750 835 5816 sbper
846 5759 928 5817 capnt
943 5766 1045 5814 rueom,
1057 5759 1085 5803 et

294 5817 425 5870 eumdum
439 5819 520 5872 istum
540 5823 566 5872 iu
582 5818 666 5886 digitu
684 5833 754 5881 meo,
771 5828 801 5872 nt
822 5821 847 5874 in
863 5822 907 5874 dic
921 5821 1013 5875 obitos
1032 5822 1083 5872 toni

295 5883 332 5942 sit
356 5886 421 5942 tnibi
443 5889 501 5943 lnce
526 5890 670 5960 promissio
685 5902 713 5945 et
734 5891 790 5945 inec
805 5892 901 5947 charta
921 5902 1028 5947 scutum
1057 5902 1085 5946 et

1136 3331 1246 3374 cramus
1262 3318 1288 3374 in
1310 3318 1439 3390 Domino,
1454 3332 1483 3378 ut
1495 3324 1567 3392 quod
1589 3324 1616 3379 in
1631 3326 1709 3383 nobis
1723 3328 1845 3398 coepistis
1867 3330 1934 3385 lldc·

1137 3409 1199 3468 liter
1222 3422 1252 3469 et
1278 3412 1419 3482 benevole,
1437 3414 1554 3472 leliciter
1568 3432 1601 3473 sc
1620 3418 1742 3477 benetice
1755 3426 1933 3494 compleatis.

1136 3504 1315 3563 Orationibus
1351 3517 1453 3566 resins
1485 3518 1513 3565 et
1546 3510 1669 3568 consiliis
1707 3516 1934 3574 commendamus

1137 3611 1249 3652 eausam
1275 3608 1411 3669 nostram,
1439 3601 1566 3660 timentes
1589 3616 1622 3659 ex
1643 3607 1685 3662 bis
1703 3622 1765 3678 quc
1784 3624 1935 3680 praecesse⁴

1137 3699 1211 3756 rnnt,
1226 3689 1441 3763 indignationem
1452 3703 1481 3750 et
1495 3695 1576 3764 iram,
1594 3698 1780 3757 immissiones
1792 3715 1841 3771 per
1851 3717 1935 3773 ange·

1137 3782 1178 3839 los
1202 3785 1299 3853 malos,
1323 3800 1522 3844 conversorum
1538 3798 1694 3848 nostrorum
1719 3794 1858 3861 astutiam,
1883 3812 1934 3867 pua

1138 3878 1265 3944 tentiam,
1278 3880 1446 3949 superbiam,
1464 3879 1577 3952 iustum,
1594 3895 1730 3957 sumptus,
1744 3887 1890 3956 ambitum,
1906 3898 1936 3945 ct

1137 3970 1190 4025 alia
1208 3985 1270 4040 quae
1290 3973 1389 4029 terrori
1404 3976 1571 4044 pauperibus
1595 3986 1623 4032 et
1646 3978 1775 4034 diuitibus
1800 3990 1866 4037 suot
1889 3995 1935 4036 er·

1137 4061 1203 4116 rori.
1221 4062 1318 4120 llalete
1335 4065 1362 4121 in
1387 4067 1503 4125 Domino
1526 4071 1694 4129 sanctissimi
1720 4086 1752 4128 ac
1777 4072 1928 4129 beatissimt

1137 4152 1245 4210 Patres.

1327 4249 1409 4321 190
1419 4251 1589 4309 corstona
1601 4253 1746 4310 cxxxix.

1384 4358 1537 4400 succindit
1553 4362 1586 4401 bc
1602 4360 1692 4404 uicit.

1139 4435 1274 4491 Hortatur
1288 4450 1347 4492 enm
1361 4437 1396 4489 ori
1407 4437 1566 4562 periecporg
1583 4440 1667 4509 magis
1682 4458 1714 4494 ac
1736 4444 1819 4512 ntttgis
1832 4443 1934 4510 ootple⁴

1486 4524 1543 4563 cen
1564 4526 1590 4564 o.

1101 4601 1126 4661 D
1174 4599 1371 4656 Amantissimo
1390 4600 1469 4655 tratri
1484 4599 1579 4656 Psrno
1590 4602 1623 4657 de
1638 4602 1728 4666 [istria.
1746 4603 1775 4660 S.
1790 4606 1934 4662 Geron-ene

1136 4692 1282 4755 canonico,
1296 4689 1455 4747 Srsrttmus
1469 4693 1502 4746 de
1518 4692 1547 4748 S.
1563 4690 1702 4750 Geootcla
1723 4694 1813 4750 dictus
1835 4695 1933 4760 abbas,

1137 4786 1260 4857 deposito
1272 4784 1471 4856 septentrionis
1491 4784 1592 4857 frigore
1604 4787 1714 4842 bertuna
1729 4788 1873 4846 citaritatis
1887 4807 1934 4845 ar·

1136 4879 1213 4937 dere.

1172 4973 1287 5030 Solitum
1311 4991 1365 5030 non
1389 4973 1505 5031 solutam
1527 4972 1708 5033 fraternitatis
1722 4986 1750 5035 et
1765 4982 1861 5050 gratiae
1883 4983 1932 5038 tibi

1136 5112 1262 5170 delensis
1277 5121 1374 5167 contra
1387 5111 1502 5167 insidias
1517 5112 1691 5171 inimicorum
1707 5130 1876 5172 meorumrt

1172 5184 1229 5256 (il)
1248 5186 1334 5253 lingat
1346 5182 1516 5237 bundensent
1537 5184 1789 5257 archiepiscopum,
1804 5199 1831 5241 ut
1850 5205 1933 5258 nepo

1138 5265 1192 5311 tem
1213 5269 1292 5310 sunm
1314 5253 1426 5309 Petrum
1441 5256 1603 5309 santonicum
1620 5255 1649 5310 S.
1666 5256 1814 5314 Genotet'rc
1838 5259 1865 5312 iu
1885 5276 1930 5325 po·

1138 5329 1217 5380 triam
1232 5336 1398 5380 remeantem
1411 5323 1501 5393 aliqua
1514 5322 1656 5393 prelatura
1670 5328 1842 5392 cohonestet,
1858 5330 1933 5398 quod

1136 5397 1245 5466 quidem
1266 5392 1392 5448 ellectum
1402 5403 1444 5448 cst
1460 5409 1521 5449 cunt
1543 5398 1677 5451 successit
1689 5400 1823 5453 atttnculo
1838 5415 1888 5453 suu
1905 5402 1932 5452 in

1137 5470 1293 5535 episcopatu
1320 5464 1518 5528 lluscltildensi,
1541 5481 1633 5537 quern,
1651 5478 1711 5537 post
1726 5469 1929 5524 ablicationem

1137 5537 1259 5601 beeltillt,
1283 5552 1344 5591 eum
1366 5534 1504 5590 Luniensi
1528 5541 1704 5608 pronomen
1726 5541 1932 5608 dispensatione

1136 5608 1236 5660 surttmi
1253 5608 1402 5676 pontilicis,
1417 5619 1551 5664 tenuerat.

1173 5677 1229 5748 tlt)
1245 5677 1322 5737 linc
1338 5679 1426 5732 locum
1443 5677 1594 5748 desumpsit
1606 5692 1639 5732 ert
1652 5679 1752 5750 llcgnla
1769 5680 1798 5739 S.
1815 5684 1931 5751 dugttst.

1137 5764 1198 5816 cap.
1218 5748 1268 5802 to:
1285 5766 1295 5800 r
1313 5749 1427 5814 Quodsi
1451 5753 1558 5802 anulum
1583 5765 1629 5803 tos
1645 5753 1797 5808 excessisse
1811 5753 1931 5818 semitis,

1139 5836 1190 5872 non
1207 5837 1222 5872 a
1237 5821 1314 5874 uoltis
1331 5820 1450 5888 ctigitur
1462 5829 1491 5873 ιιι
1506 5838 1519 5875 tt
1536 5822 1612 5878 tobis
1625 5823 1740 5879 subditis
1760 5823 1867 5879 ueniam
1882 5839 1932 5893 pu-

1137 5892 1252 5946 sule-tis.
