4425 6450
293 409 347 471 159

795 409 966 468 STEPllle
985 411 1226 472 Tdttttnceasts
1246 411 1399 470 eetscoet

1864 416 1919 472 tad

293 532 377 604 llttjas
393 530 479 600 culpe
497 527 672 583 simulacrum
689 526 796 596 fugiens
817 526 961 595 impetrata
984 526 1076 591 rania,
1091 525 1116 583 Α
1131 523 1213 589 tiam;
1232 537 1347 593 qttorum
1366 522 1388 576 si
1403 523 1534 578 alterutro
1548 521 1661 592 quilibet
1685 524 1813 595 prelatus
1828 528 1920 596 prita-

286 625 389 693 ‘loquar
404 620 521 676 dominis
531 617 607 679 meis,
623 632 675 671 non
688 627 758 672 uter
772 618 878 672 modico
894 616 996 670 sacello·
1007 631 1077 681 meu,

286 727 397 781 magna·
428 709 568 777 sapientiae
586 716 683 764 restrae
711 708 854 762 thesauros
876 721 1007 775 augeam,
1031 706 1078 759 sed

293 814 323 857 ιιι
337 799 548 857 commonitorio
574 798 650 854 tenui
680 802 791 874 paratos
807 795 971 864 praeveniam
989 795 1078 862 potius

291 908 373 965 artant
386 892 547 961 praecedam.
560 888 657 945 Audiui
681 889 822 945 dominum
838 901 934 955 papam
957 887 1077 956 prudeu-

290 987 335 1041 tiae
346 992 442 1039 restrae
451 981 619 1038 commisisse
630 980 814 1049 coguitionem
822 990 920 1039 eausa,
930 991 989 1045 quar
998 976 1079 1029 uerti·

292 1086 336 1133 tur
346 1080 417 1132 inter
430 1073 569 1131 dominum
585 1071 772 1126 Senoncnsem
786 1076 813 1123 et
826 1067 971 1123 eet-lusiam
981 1066 1077 1121 Sancti

290 1168 419 1227 Germani
435 1168 469 1223 de
486 1165 588 1231 Pratir,
606 1162 688 1234 264
709 1176 769 1230 qttae
786 1177 840 1217 non
855 1176 949 1231 parum
965 1156 1078 1213 difficul-

291 1264 366 1329 tatis,
389 1275 440 1317 nee
459 1260 548 1315 minas
571 1256 737 1313 discriminis
757 1256 904 1323 importare
921 1253 1027 1306 ridetur
1049 1260 1078 1305 et

226 1378 236 1397 ·
291 1349 447 1408 auctoritati
460 1348 594 1418 judicum,
613 1356 640 1401 et
663 1348 780 1414 partium
796 1343 938 1398 rolantati.
963 1342 998 1396 be
1015 1356 1077 1411 pro-

291 1443 478 1502 curationibus
492 1442 581 1511 agitur
606 1453 766 1508 corporum,
784 1453 837 1492 raon
858 1435 994 1491 desolate
1018 1432 1078 1487 ani·

291 1548 411 1599 marum3
443 1532 476 1586 de
499 1544 613 1584 nuntcto
639 1526 843 1597 quadrupedum
868 1532 895 1578 ct
924 1523 1073 1586 leontinum,

290 1643 344 1683 nen
359 1626 392 1681 de
414 1621 512 1679 tne'rito
537 1622 666 1674 virtutum
686 1624 732 1669 aut
758 1615 872 1669 uictoria
887 1614 1025 1667 ritiomm.
1047 1611 1076 1665 ln

291 1721 343 1775 bae
360 1728 450 1773 tamen
471 1714 597 1769 conllictu
623 1708 723 1764 summi
737 1704 880 1776 pontilices
910 1704 1075 1768 Alexander,

188 1840 191 1847 ·
290 1810 400 1874 Lucius,
415 1807 541 1864 Urbanus
553 1843 560 1867 ,
574 1802 722 1862 Clemens,
738 1805 765 1851 ct
776 1798 823 1867 qui
834 1796 914 1852 ltodie
924 1797 1002 1853 sedet
1013 1797 1076 1851 Coe·

1132 620 1174 667 tus
1192 612 1276 670 luerit
1304 614 1331 667 in
1347 611 1516 669 subditorum
1540 614 1677 671 deliciosis
1702 618 1844 672 mentibus
1870 628 1919 673 aut

1130 702 1223 757 odium
1236 703 1350 758 suscitat
1366 710 1414 758 aut
1432 712 1627 775 contemptum.
1647 704 1695 760 llis
1710 705 1919 764 interuenienti-

1129 792 1180 845 bus
1194 792 1265 860 perit
1283 791 1323 846 rei
1340 790 1497 847 domesticae
1522 805 1598 859 eura,
1620 793 1763 861 disciplina
1789 796 1918 862 soluitur,

1130 877 1304 936 confunditur
1325 883 1403 944 ordo.
1417 892 1444 937 et
1461 882 1595 954 incipiunt
1617 886 1662 954 qui
1683 887 1796 943 subesse
1818 890 1921 946 debue-

1131 977 1202 1037 rant,
1218 984 1297 1039 pares
1308 985 1379 1027 esse.
1393 970 1432 1025 Ne
1447 973 1473 1027 id
1493 972 1570 1029 robis
1585 974 1703 1039 accidat,
1718 975 1812 1045 Pater,
1827 981 1919 1047 prori-

1130 1058 1192 1113 dete
1202 1059 1274 1116 circa
1288 1061 1348 1116 dies
1363 1061 1483 1131 ultimos,
1496 1062 1737 1131 Ecclesiae'restrae,
1751 1082 1785 1122 ne
1796 1078 1919 1125 vertatur

1129 1153 1208 1208 robis
1224 1154 1250 1207 io
1265 1154 1437 1224 dispendium
1461 1157 1570 1222 mortis,
1586 1157 1659 1212 unde
1674 1159 1734 1213 vitae
1749 1160 1917 1230 stipendium

1130 1248 1304 1316 exspectatis.
1330 1247 1388 1303 Non
1401 1251 1491 1306 minus
1503 1250 1648 1307 consulere
1662 1252 1740 1310 voltis
1755 1269 1836 1323 quam
1851 1271 1919 1311 eon·

1134 1336 1219 1391 solari
1232 1352 1278 1392 ros
1294 1338 1460 1406 desiderans,
1474 1355 1549 1411 rogo,
1565 1357 1664 1397 moneo
1686 1352 1713 1396 et
1725 1345 1869 1409 exhortor,
1889 1356 1919 1401 at

1135 1427 1249 1485 lionoris
1261 1443 1331 1485 onus
1347 1429 1390 1485 cui
1403 1433 1459 1502 jana
1476 1432 1565 1487 miuus
1583 1431 1671 1488 aetatis
1690 1433 1798 1489 delectu
1816 1436 1917 1493 sullici-

1131 1519 1175 1584 tis,
1193 1533 1241 1587 per
1260 1535 1370 1575 manum
1394 1523 1498 1578 domini
1513 1524 1655 1581 Remensis
1679 1526 1819 1583 humiliter
1833 1530 1917 1599 depo·

1131 1609 1211 1675 natis,
1226 1612 1272 1680 qni
1286 1613 1400 1668 consilio
1413 1623 1501 1669 restro
1515 1623 1542 1670 ct
1557 1626 1649 1672 nostro
1665 1627 1692 1671 et
1705 1634 1852 1689 personam
1870 1637 1917 1677 ro-

1130 1697 1172 1752 bis
1195 1700 1342 1755 substituat
1368 1701 1506 1772 idoneam,
1528 1714 1555 1760 et
1571 1705 1633 1760 ritae
1655 1716 1753 1762 restrae
1765 1724 1916 1777 conprnrnrp

1130 1792 1249 1862 assignet
1273 1792 1409 1863 solatium;
1427 1806 1589 1868 potestatem
1607 1808 1634 1854 et
1647 1800 1788 1855 seientiam
1810 1802 1918 1860 itabens

289 1900 405 1955 tostinus
424 1896 574 1967 privilegiis
594 1902 719 1948 taxantes
740 1889 892 1947 erectionis
919 1902 1075 1954 auerterunt,
1091 1864 1113 1918 Β
1128 1880 1155 1933 iu
1173 1890 1287 1952 utroque
1301 1883 1411 1952 barum,
1426 1897 1453 1942 et
1467 1888 1615 1960 attingendi
1633 1905 1648 1944 a
1666 1889 1718 1946 fine
1735 1895 1869 1964 usquead
1886 1895 1920 1950 li·

288 1994 471 2063 iurgiosnper
494 1986 688 2057 procuratione
704 1991 777 2039 moto
802 1981 882 2036 linem
911 1978 1077 2050 imposuisse

290 2085 447 2140 creduntur.
464 2078 522 2133 vtdt
536 2087 563 2132 ct
579 2077 628 2145 legi
644 2073 783 2146 priuilegia
798 2072 848 2126 ista
864 2084 915 2126 nec
934 2070 1014 2125 tacita
1032 2084 1078 2124 ue-

291 2175 382 2239 ritate,
398 2186 448 2228 nee
461 2170 528 2224 laisa
550 2167 722 2238 suggestione
747 2164 890 2233 impetrata
905 2202 914 2227 ‚
932 2163 981 2216 scd
1002 2161 1075 2215 ontni

290 2264 460 2321 solemnitate
475 2260 602 2324 subnixa,
619 2266 646 2312 et
666 2253 845 2311 cardinalium
869 2252 1076 2322 subscriptioni·

289 2358 342 2410 bns
357 2354 492 2408 roborata.
507 2349 575 2417 Quid
589 2356 698 2403 cautum
714 2354 762 2399 aut
784 2351 871 2398 tutum
889 2354 948 2398 esse
961 2342 1074 2411 proterit,

290 2448 312 2500 si
329 2460 411 2513 super
424 2441 522 2496 talibus
535 2438 669 2502 dubitare,
687 2436 850 2505 disceptare,
869 2441 919 2486 aut
933 2431 1076 2501 disputare

289 2534 373 2605 aliqui
388 2530 539 2592 valuerint,
555 2542 617 2583 cum
636 2526 802 2581 munimenta
826 2523 974 2592 apostolica
997 2521 1076 2577 vobis

288 2636 316 2680 et
330 2623 419 2688 nobis,
443 2621 498 2675 imo
520 2617 645 2673 omnibns
660 2614 794 2681 ecclesiis.
822 2621 849 2668 et
883 2612 1075 2683 possessiones

288 2729 382 2769 earum
397 2717 518 2774 seruent,
533 2719 560 2762 et
570 2707 632 2777 jura
648 2711 814 2760 tueantutet
828 2700 994 2757 defendant?
1008 2699 1070 2754 Par·

289 2806 355 2870 cite,
371 2802 477 2863 Patres,
493 2796 652 2853 auctoritati
666 2807 775 2861 uestrae,
789 2792 894 2863 parcite
909 2791 1033 2859 dignitati
1047 2799 1074 2846 ct

289 2895 456 2967 prudentiae,
472 2899 498 2947 et
515 2902 629 2946 eramen
648 2887 720 2942 istud
734 2892 872 2940 reservate
889 2896 996 2938 summo
1007 2894 1076 2950 pon·

288 2989 365 3050 tidei,
383 2986 429 3055 qui
446 2985 520 3039 salus
538 2988 699 3052 potestatem
711 2978 792 3033 tabet
805 2984 833 3031 et
846 2974 980 3031 condendi
990 2987 1074 3029 noros

281 3090 420 3143 canones,
449 3085 477 3130 et
499 3071 651 3143 exponendi
672 3077 797 3133 ueteres,
829 3076 857 3122 et
879 3065 1073 3137 interpretandi

288 3167 431 3240 priuilegia
445 3180 494 3221 sua
507 3205 515 3228 ,
530 3175 556 3219 et
573 3161 727 3231 corrigendi
745 3158 842 3214 aliena.

476 3254 557 3328 265
582 3252 746 3309 ertstata
767 3250 882 3307 ctt’xt.

431 3351 433 3356 “
463 3363 497 3402 ιι
516 3361 637 3402 ιιιιιιιι
657 3361 679 3400 s.
696 3357 903 3400 nanrnatorret.

271 3486 274 3491 .
355 3440 457 3500 Suadet
474 3451 501 3495 at
520 3456 595 3494 artant
611 3435 865 3491 administrationem
876 3435 1001 3497 dimittat.

302 3531 483 3599 ,lleuerendo
505 3529 578 3584 Patri
597 3536 625 3582 et
647 3527 757 3582 domino
774 3525 865 3580 abbati
891 3522 921 3578 B.
933 3524 1074 3581 llartbolo·

285 3628 359 3695 mei,
377 3624 534 3681 Srerrttn'us
550 3621 584 3677 de
596 3619 697 3677 Sancta
711 3616 860 3682 Genorela,
873 3617 955 3673 ritant
971 3616 1073 3686 justam

282 3729 314 3775 et
329 3719 432 3774 exitum
445 3718 565 3772 beatum.

321 3809 378 3864 Nee
400 3805 554 3878 praeteritos
582 3818 668 3860 annos
695 3817 823 3859 reuocare
844 3815 998 3872 possumus,
1023 3817 1091 3859 nec

286 3901 385 3957 luturis
405 3895 514 3953 casibus
537 3896 682 3966 imperare.
709 3892 899 3949 decedendum
924 3905 967 3949 est
984 3909 1072 3964 quan·

286 3993 374 4060 doque
394 3989 477 4060 266
496 3996 523 4043 ιι
543 3998 647 4042 naturae
670 3986 789 4041 debitunt
808 3986 1027 4057 persolvendum,
1044 3997 1073 4044 nt

284 4096 316 4137 ea
333 4080 489 4137 conditione
506 4092 559 4141 aua
582 4077 743 4132 intravimus
767 4090 908 4133 exeamus.
932 4075 994 4133 llaec
1011 4078 1072 4136 ideo

284 4171 411 4236 dixerim,
424 4166 514 4231 Pater.
529 4181 563 4221 ιιι
574 4166 743 4222 intolerabile
759 4167 796 4221 sit
812 4166 889 4221 robis
907 4167 949 4223 rel
962 4168 1072 4236 aegritu·

283 4262 357 4318 dinis
370 4258 580 4323 incommodum,
596 4259 637 4313 vel
658 4259 765 4314 taedium
789 4259 948 4314 senectutis.
971 4259 1072 4316 Praela-

285 4352 368 4408 tionis
383 4366 448 4407 cura
466 4364 548 4420 quarn
570 4350 674 4406 utiliter
688 4360 715 4406 et
729 4350 845 4407 viriliter
859 4352 990 4408 ltactenus
1007 4368 1069 4418 pes-

205 4490 209 4497 .
285 4442 371 4508 sistis,
385 4449 414 4497 et
427 4441 511 4497 robur
526 4441 648 4509 eorporis
664 4441 801 4497 desiderat
817 4449 844 4497 et
858 4441 940 4497 animi
955 4442 1070 4514 vigilan-

1128 1985 1187 2026 nent
1201 1971 1316 2041 sortiter,
1330 1983 1356 2031 et
1368 1977 1458 2031 orurtia
1478 1979 1600 2034 suatiter
1617 1981 1789 2049 disponendi.

1361 2065 1527 2122 urtstott
1548 2068 1675 2124 chxll.

1276 2175 1310 2213 rto
1330 2176 1355 2217 o.
1369 2176 1593 2220 aneutertseorctr
1612 2182 1762 2223 nsueaseu.

1364 2250 1438 2305 tttua
1457 2254 1526 2307 idem
1543 2257 1670 2323 postulat.

1164 2338 1232 2391 Sunt
1248 2340 1323 2393 rnnlti
1342 2358 1410 2409 qam
1427 2345 1460 2397 ad
1477 2344 1596 2400 difficilia
1617 2362 1688 2418 sape
1708 2352 1846 2420 compellit
1866 2368 1923 2417 na·‚

1130 2437 1187 2481 tara
1205 2431 1295 2498 potins
1312 2446 1393 2500 quiam
1409 2448 1486 2500 cura,
1503 2436 1654 2492 necessitas
1671 2454 1752 2509 quam
1770 2443 1914 2512 voluntas;

1127 2520 1230 2575 iaciunt
1244 2537 1277 2577 ιι
1301 2525 1465 2580 necessitate
1479 2527 1617 2593 virtutem,
1635 2532 1786 2587 ttt'tandem
1802 2534 1922 2612 ιιιιιιιι·Ι

1128 2615 1195 2668 rium
1212 2614 1257 2669 dat
1270 2619 1342 2686 quod
1365 2620 1544 2675 moratoriam
1558 2623 1635 2691 prius
1654 2621 1715 2677 luit.
1734 2623 1815 2679 Forte
1828 2641 1912 2681 unum

1127 2720 1159 2759 er
1172 2708 1212 2760 eis
1227 2708 1343 2763 dicerem
1364 2712 1545 2767 venerabitem
1562 2729 1655 2771 sertem
1680 2728 1801 2773 nostrum
1826 2707 1921 2775 abba·'

1128 2806 1179 2849 ιιιιι
1196 2796 1224 2851 S.
1239 2798 1437 2864 llurtlrolomsci,
1453 2804 1535 2874 267
1548 2804 1634 2860 rirurn
1651 2807 1805 2877 religiosum
1819 2819 1847 2866 et
1863 2812 1914 2867 bo·

1128 2894 1243 2950 nestum,
1258 2889 1359 2958 serloni
1372 2890 1427 2957 iarn
1438 2891 1541 2947 viribus
1554 2896 1677 2964 eorporis
1690 2900 1772 2967 coepit
1785 2888 1921 2965 destitui,

1126 2977 1290 3044 agritmline
1303 2982 1439 3049 eonsnmi,
1449 2994 1563 3039 senecta
1578 2996 1605 3040 et
1618 2989 1695 3042 senio
1714 2992 1911 3049 consummari.

1129 3066 1202 3121 Eece
1218 3069 1243 3122 iu
1258 3085 1339 3125 manu
1353 3082 1443 3128 restra
1462 3075 1599 3132 renuntiat
1618 3080 1845 3148 administrationi
1858 3083 1913 3139 tibi

1088 3176 1110 3235 (ς
1126 3160 1288 3227 corumisse,
1303 3162 1329 3216 ia
1341 3179 1394 3235 qna
1410 3181 1495 3236 usque
1511 3170 1547 3226 ad
1559 3179 1698 3228 extremos
1712 3173 1781 3239 dics,
1794 3174 1912 3231 rirlirnns

1126 3267 1188 3306 eum
1210 3268 1262 3309 non
1289 3264 1344 3311 tam
1374 3259 1518 3328 praefuisse
1541 3262 1680 3318 humiliter
1704 3279 1787 3336 quam
1808 3265 1912 3321 utiliter

1125 3342 1271 3412 proluisse.
1297 3345 1355 3402 lluo
1370 3357 1433 3403 sunt
1456 3364 1515 3419 quae
1531 3364 1545 3403 a
1559 3351 1637 3407 robis
1658 3353 1788 3422 postulae
1805 3355 1914 3425 postulo

1125 3441 1153 3487 et
1170 3447 1231 3505 ego,
1245 3435 1356 3491 minima
1376 3439 1467 3507 portio
1482 3440 1641 3497 elericorum
1661 3455 1825 3510 vestrorum,
1848 3461 1912 3501 entn

1125 3521 1186 3591 ipso
1199 3531 1227 3578 et
1243 3538 1291 3592 pro
1312 3524 1372 3596 ipso
1391 3527 1417 3582 io
1438 3528 1564 3583 salatitnn
1588 3539 1615 3586 et
1636 3531 1786 3588 subsidium
1806 3534 1913 3590 brevis-

1124 3615 1276 3672 almerita
1291 3632 1356 3686 snae,
1373 3620 1407 3674 de
1424 3621 1501 3676 bonis
1516 3622 1654 3690 Ecclesiae,
1671 3625 1714 3680 cui
1730 3625 1845 3696 praefuit,
1869 3629 1912 3682 ui·

1123 3714 1197 3762 etum
1219 3706 1396 3765 subicientem
1418 3712 1582 3781 provideatis
1600 3714 1637 3779 ei,
1659 3718 1733 3770 etde
1751 3732 1911 3774 successore

1124 3798 1164 3853 sic
1179 3800 1316 3871 cogitetis,
1337 3814 1371 3856 ne
1392 3800 1475 3858 lieeat
1496 3803 1626 3861 iratribus
1650 3807 1706 3863 sais
1729 3809 1754 3863 in
1773 3811 1910 3864 electione

1124 3891 1214 3959 potius
1228 3891 1305 3962 sequi
1320 3891 1485 3950 uoluntatem
1504 3897 1653 3966 propriam,
1669 3914 1749 3969 quam
1764 3900 1909 3958 utilitatem

1123 3994 1303 4037 communem.

1354 4100 1521 4157 artstuta
1539 4099 1678 4156 etxxttt.

1180 4205 1213 4244 ΑΙ)
1232 4205 1391 4248 (ἓθιιὟΕιῚΤΰΙ
1410 4208 1435 4249 S.
1452 4209 1646 4248 atdauotottffit
1668 4207 1843 4250 nortattettsts

1125 4279 1250 4334 tauriana
1266 4293 1294 4336 ut
1313 4284 1437 4365 donarent
1455 4285 1574 4406 “Ji'l'l'
1590 4286 1688 4366 albati,
1706 4285 1809 4339 etiontrt'
1826 4285 1909 4340 ubba·

1406 4363 1471 4407 tram
1501 4364 1632 4407 ttntrerrl.·

1155 4437 1275 4495 Priorum
1290 4441 1415 4498 secundae
1431 4442 1528 4498 tabulae
1540 4451 1704 4514 praereptum
1720 4452 1782 4501 est:
1797 4443 1907 4499 lloaora

284 4592 389 4648 nuntiis
400 4605 451 4661 pro
468 4591 707 4717 procurationibus
730 4590 799 4656 illis,
821 4592 934 4648 reddent
952 4593 1067 4664 singulis
1084 4591 1106 4646 tt
1121 4593 1237 4659 stitutis,
1251 4596 1357 4655 scilicet
1374 4597 1490 4664 limant,
1505 4597 1632 4655 Balneoln
1649 4599 1717 4655 villa
1731 4616 1792 4670 qnae
1804 4604 1907 4661 dicitur

286 4663 363 4718 annis
375 4669 437 4719 octo
448 4662 464 4717 li
486 4676 531 4716 ras
542 4660 710 4717 Parisienses
726 4661 796 4731 apud
810 4661 909 4717 Emeut
930 4664 955 4717 in
970 4672 1066 4719 octava

284 4733 406 4787 Paschae·
421 4731 454 4787 Et
468 4732 492 4788 si
505 4747 554 4787 nos
567 4731 609 4787 uel
625 4746 799 4787 successores
811 4730 896 4786 nostri
912 4733 1067 4788 venerimus

284 4803 368 4855 sentel
379 4804 405 4856 in
419 4815 492 4857 anno
504 4801 538 4855 ad
550 4801 659 4868 limant,
676 4800 717 4855 rel
726 4798 892 4866 balneolum,
904 4810 951 4855 aut
966 4801 999 4854 ad
1017 4803 1066 4856 til·

283 4871 337 4923 lant
349 4885 409 4938 quae
422 4870 521 4924 dicitur
531 4869 561 4925 S.
569 4870 733 4934 Germanus,
742 4870 826 4924 abbas
838 4877 883 4922 aut
894 4883 1067 4927 successores

283 4938 339 5000 sui,
351 4948 398 4992 aut
411 4936 456 4992 iile
468 4939 514 5007 qui
530 4939 639 4994 dantum
666 4939 788 5003 tenebit,
817 4937 952 5008 recipient
965 4954 1015 4994 nos
1037 4952 1066 4996 et

284 5019 458 5061 successores
469 5017 593 5074 nostros,
609 5019 637 5063 et
648 5010 769 5064 vivemus
796 5008 833 5063 ibi
847 5021 899 5062 nos
911 5017 938 5063 et
957 5024 1066 5064 succes·

284 5088 360 5130 sores
371 5075 466 5139 nostri,
480 5083 557 5128 noete
575 5091 627 5130 una
641 5080 792 5146 sumptibus
815 5078 919 5132 nostris
937 5079 1064 5148 propriis,

284 5146 321 5201 ita
349 5145 420 5214 qtrod
447 5143 553 5213 illequi
581 5147 689 5200 dotrturn
705 5148 823 5217 tenebit,
849 5163 901 5202 non
930 5149 1066 5202 tenebitur

285 5213 386 5283 aliquid
399 5217 464 5269 dare
477 5213 557 5269 nobis
568 5214 609 5267 rel
624 5219 829 5272 suecessoribus
851 5216 952 5271 nostris
966 5227 1065 5285 praeter

283 5284 441 5353 hospitium,
461 5282 512 5338 nisi
528 5285 578 5339 bac
593 5284 627 5338 de
641 5284 727 5351 gratia
752 5287 844 5341 lucere
866 5285 992 5340 uoluerit.
1006 5286 1063 5340 Etsi

282 5368 333 5408 nos
348 5353 390 5409 rel
413 5366 584 5411 successores
610 5355 694 5408 nostri
720 5354 802 5409 semel
816 5353 915 5421 recepti
934 5352 1065 5410 fuerimus

283 5420 311 5476 in
323 5437 377 5477 uno
388 5424 578 5492 praedictorum
592 5423 731 5490 locorum,
746 5439 799 5478 non
819 5425 982 5478 tenebuntur
1001 5438 1060 5478 ιιι·

281 5493 493 5563 naebireeipere
508 5508 558 5548 nos
575 5494 633 5548 siue
654 5506 827 5548 successores
848 5505 956 5547 nostros
970 5492 996 5546 in
1014 5494 1063 5548 ali·

281 5575 336 5630 quo
350 5560 458 5617 illorum
473 5563 553 5616 triam
567 5564 661 5618 eadent
676 5577 757 5618 ιιιιιι.
773 5561 827 5615 Nos
840 5570 929 5616 autem
950 5561 1063 5618 lecimus

281 5630 398 5749 guimari
415 5631 562 5698 jamdictae
585 5627 708 5688 ecelesiae
731 5640 759 5688 et
772 5631 862 5686 abbati
889 5631 1063 5686 medietatem

300 5699 393 5754 eeimae
422 5702 489 5756 lana
514 5716 529 5755 a
551 5703 729 5772 presbyteris,
745 5701 791 5772 qui
816 5701 917 5756 suntin
940 5698 1064 5758 eeclesiis

279 5764 311 5822 8.
323 5766 450 5826 Germani
463 5786 513 5841 per
526 5773 791 5843 archiepiscopatum
804 5770 990 5829 santonensem
999 5784 1065 5826 eun·

1121 4662 1150 4718 S.
1163 4663 1313 4720 Germanus
1331 4667 1408 4735 juxta
1424 4667 1618 4733 llusterlelurn‚
1634 4669 1776 4739 llatriolis,
1788 4683 1815 4728 et
1827 4691 1907 4745 pres·

1119 4733 1207 4803 lryteri
1234 4734 1369 4790 dictarum
1400 4736 1575 4791 ecclesiarum
1616 4738 1697 4793 aliam
1729 4743 1904 4802 medietatem

1119 4802 1240 4868 eiusdem
1266 4805 1378 4860 decimae
1403 4805 1553 4861 lrabebunt.
1568 4807 1659 4864 Nuntii
1677 4818 1767 4866 antem
1796 4813 1905 4872 abbatis

1120 4870 1149 4925 S.
1170 4870 1299 4926 Germani
1311 4874 1412 4931 facient
1423 4874 1581 4931 daetttatem
1601 4878 1783 4948 presbyteris,
1805 4885 1852 4952 qui
1876 4889 1902 4941 ia

1120 4941 1201 4995 dietis
1228 4941 1352 4999 ecelesiis
1377 4951 1466 5012 erunt,
1496 4948 1694 5017 etpresbyteri
1718 4963 1766 5017 per
1794 4957 1904 5010 aurarius

1119 5024 1183 5064 snos
1194 5012 1294 5066 nuntiis
1307 5012 1413 5068 abbatis
1426 5015 1458 5068 de
1474 5013 1545 5068 dicta
1559 5017 1664 5072 decima
1681 5021 1862 5075 corrrmuniter
1877 5033 1904 5079 et

1120 5079 1239 5133 tideliter
1251 5082 1396 5148 quaerenda
1411 5091 1439 5136 et
1462 5084 1533 5138 luter
1547 5099 1577 5138 se
1588 5086 1741 5140 diuidenda.
1763 5088 1841 5155 Quod
1869 5109 1904 5147 ne

1120 5146 1210 5202 ualeat
1230 5151 1345 5220 alicujus
1358 5152 1496 5207 oblivione
1511 5153 1610 5218 deleri,
1631 5154 1672 5208 rel
1689 5154 1826 5214 rnalitiase
1840 5177 1904 5232 pcr-

1120 5218 1201 5282 rerti,
1217 5219 1305 5288 sigillo
1319 5230 1414 5275 nostro
1426 5219 1542 5276 lecimus
1557 5223 1583 5276 id
1600 5224 1768 5288 continuari,
1784 5233 1903 5284 estami-
1933 5272 1952 5293 ,-

1119 5286 1170 5341 bus
1183 5287 1303 5344 ecelesiae
1323 5297 1423 5344 nostra
1445 5292 1569 5356 personis
1591 5293 1690 5348 Solone
1706 5296 1825 5361 decano,
1846 5301 1904 5352 lla·

1119 5371 1198 5411 nasse
1212 5358 1414 5422 archidiacono,
1429 5358 1573 5414 Guillelrno
1584 5362 1762 5428 thesaurario,
1772 5367 1903 5424 Gaulrido

1118 5437 1297 5494 preceptore.
1317 5426 1413 5482 Testes
1424 5426 1503 5498 htrjus
1519 5429 1556 5482 rei
1572 5440 1635 5485 sunl
1648 5432 1802 5502 stepnanns
1816 5439 1903 5493 abbas

1119 5496 1228 5551 Sanctae
1242 5494 1387 5551 Genorelae
1400 5505 1428 5550 ct
1443 5498 1569 5553 canonici
1591 5500 1683 5568 illius,
1697 5503 1794 5573 lingo,
1809 5506 1903 5562 dietra-

1118 5565 1203 5628 rieus,
1218 5564 1282 5619 tttto
1296 5564 1380 5620 abbas
1392 5565 1421 5620 S.
1433 5565 1549 5634 llemigii
1566 5568 1751 5638 Sunonensis,
1771 5576 1903 5643 magister

1117 5634 1261 5688 anselmus
1275 5635 1309 5688 de
1322 5634 1503 5703 caracellaria,
1515 5637 1627 5706 Operius
1640 5639 1673 5693 de
1684 5641 1787 5697 dvorte.
1802 5645 1902 5699 dotum

1118 5704 1189 5774 apud
1201 5703 1317 5759 Fontem
1327 5701 1439 5759 blaaudi
1456 5720 1527 5762 anno
1539 5708 1574 5762 ab
1587 5707 1778 5768 incarnatione
1794 5714 1902 5769 Domini

1118 5773 1260 5830 tudlesimo
1275 5774 1423 5832 centesimo
1442 5780 1618 5848 narraresiuto
1630 5779 1730 5850 primo.
1741 5799 1757 5835 -ι
