4425 6450
312 362 366 434 ,llll

813 367 984 427 sletttdn't
1006 367 1246 426 aaudncssdsts
1261 366 1413 424 EPlSCOPl

1899 362 1955 418 85!

314 476 368 549 plsi
382 479 534 548 etadjiciat
556 480 659 537 aliena.
683 481 722 536 oe
746 490 847 536 nostra
866 486 1007 539 contendit
1030 483 1106 538 elce·
1122 485 1146 543 Α
1160 479 1262 535 nitatis.
1281 479 1329 534 llis
1346 475 1453 533 aceedit
1472 483 1567 532 saneta
1585 472 1887 529 conuersa1iolratrum
1911 488 1954 530 re·

316 582 457 637 tuomuam
477 570 579 644 lacere.
605 570 736 626 Fructum
749 573 827 642 cojrrs
840 574 891 629 sibi
908 575 1022 629 arabione
1035 589 1106 628 con-

316 673 459 722 cessurum
485 661 548 718 dum
573 678 627 718 uon
656 665 849 734 concedimus,
884 682 938 722 arou
964 665 1105 723 cedemus.

315 751 416 818 Credo,
434 754 525 820 l’ater,
550 755 614 824 uaria
636 754 836 812 cistercienses
859 758 892 811 de
912 772 1025 813 arramato
1044 767 1109 813 snnd

316 859 424 912 eorttm,
448 845 494 913 qui
520 845 630 901 uiolenti
655 846 789 917 diripiunt
817 848 929 914 ecclam,
953 848 1000 903 scd
1016 856 1106 902 utra-u

315 934 451 989 uiolettter
471 935 511 990 eis
534 944 635 992 terrant
659 952 757 1010 repere
780 937 873 1004 liceat,
900 939 1019 993 rtotrduur
1043 937 1107 1009 legi.

315 1025 365 1082 llie
379 1027 441 1082 data
457 1026 551 1084 llemls
567 1045 661 1094 eoram
674 1028 836 1087 officialibus
847 1032 947 1088 uestris
961 1047 1109 1101 responsu·

315 1132 363 1173 rus
389 1121 495 1176 auctori
526 1123 632 1192 eoplam
653 1124 706 1179 mei
731 1122 795 1189 leci,
812 1126 860 1189 scd
876 1126 939 1195 epula
965 1135 1107 1195 paternam

314 1208 414 1265 laeicm
436 1221 555 1268 uestram
582 1215 716 1281 rtonuidi,
744 1218 823 1272 tinini
850 1220 901 1273 stab
916 1218 1030 1273 alterius
1045 1231 1110 1272 exa-

315 1301 390 1357 ruiue
402 1300 531 1371 judicari.
556 1305 665 1361 Gratias
688 1322 740 1378 ago
761 1321 863 1364 carretae
887 1309 1044 1380 paternitati
1061 1325 1106 1364 re·

314 1398 389 1459 strae,
405 1394 468 1461 qtria
480 1396 527 1465 qud
542 1410 591 1464 pro
606 1397 682 1452 tabis
704 1400 838 1454 sedebant
853 1402 887 1454 ad
907 1400 1107 1455 invocationem

314 1483 435 1540 nominis
457 1487 552 1553 uestri,
566 1488 633 1543 milri
657 1504 743 1560 usque
769 1491 803 1545 ad
818 1501 929 1557 octonas
953 1490 1107 1547 Natiuitatis

314 1572 506 1631 lteattellarite
522 1578 635 1649 uirginis
659 1580 783 1637 inducias
810 1582 992 1637 indulserunt.
1019 1566 1114 1650 Rogo,

314 1661 408 1731 Pater,
422 1675 452 1719 ut
464 1667 545 1728 talem
566 1671 634 1725 udlni
656 1686 741 1742 puero
755 1681 846 1729 restro
860 1671 932 1728 diem
949 1673 1105 1743 assignetis,

313 1770 369 1825 qna
384 1771 432 1811 uos
447 1758 541 1814 Remis
563 1760 720 1818 adiuturum
743 1779 797 1820 uon
819 1765 948 1821 drabitetis
965 1774 992 1819 et
1016 1781 1107 1820 sessu-

1160 569 1294 640 gulariter
1319 569 1386 624 inibi
1400 569 1454 622 lieo
1473 565 1662 631 serviendium,
1682 565 1728 637 qui
1751 566 1805 620 rita
1830 565 1869 621 sic
1884 568 1954 621 cud-

1159 672 1225 717 treut
1242 663 1313 715 inter
1326 675 1403 724 soos,
1419 669 1448 713 nt
1468 658 1538 713 lama
1552 656 1671 713 excitent
1686 657 1800 715 alienos.
1818 654 1954 725 Terttpare

1160 752 1334 809 saecularium
1364 751 1574 815 canonicorum,
1603 756 1668 804 aute
1692 747 1874 818 urnadragiuta
1900 750 1953 818 parat

1159 857 1245 897 tataros
1261 842 1412 898 centauricus
1426 841 1508 897 siuutl
1525 850 1552 896 et
1572 849 1670 897 carator
1683 839 1804 908 ejursdent
1822 841 1954 898 Ecclesim

1160 936 1210 1003 lui,
1230 945 1258 990 et
1279 945 1383 991 annotato
1406 935 1492 1004 ipsius
1511 942 1582 989 statu
1603 933 1630 987 iu
1646 932 1799 1003 regularem
1824 933 1953 997 lorruant,

1159 1028 1332 1095 postruodmn
1356 1038 1383 1084 et
1405 1025 1619 1096 ipsedugustiui
1642 1024 1808 1094 discipulam,
1825 1026 1953 1081 lrabitruu

1160 1120 1187 1177 iu
1203 1137 1234 1177 ea
1249 1122 1418 1192 poetaitentiae
1442 1119 1560 1188 suscepi.
1584 1118 1660 1184 Seio,
1675 1118 1770 1183 Pater,
1790 1127 1817 1172 ct
1834 1119 1860 1171 iu
1878 1118 1952 1171 rcri-

1161 1221 1216 1268 tate
1234 1215 1374 1277 testificor,
1389 1213 1531 1282 qarondam,
1545 1220 1676 1280 qtrautum
1693 1220 1784 1267 exstat
1805 1211 1832 1265 iu
1848 1223 1954 1264 tractato-

1161 1304 1201 1360 ria
1227 1306 1368 1359 ltarttinum
1397 1306 1488 1359 adlrne
1515 1306 1682 1364 uiuerrtium.
1708 1304 1760 1356 luae
1781 1302 1908 1356 libertate
1926 1311 1954 1357 et

1160 1397 1333 1453 maturandam
1356 1397 1477 1453 Ecclesia
1505 1398 1560 1459 illa,
1585 1407 1613 1452 ct
1636 1407 1692 1452 tres
1712 1396 1772 1451 aliae
1787 1397 1951 1451 clericorum

1160 1490 1288 1554 abbatiae,
1303 1504 1363 1557 quae
1383 1490 1410 1543 in
1426 1490 1522 1544 cadem
1545 1489 1660 1543 ciuitate
1673 1497 1746 1552 sunu,
1763 1489 1870 1543 scilieet
1884 1488 1953 1543 San·

1160 1581 1197 1640 ed
1214 1578 1288 1633 Petri
1306 1580 1438 1642 ria-orum,
1460 1580 1552 1633 Sancti
1569 1578 1641 1633 Petri
1661 1578 1825 1647 puellarum,
1842 1589 1869 1632 et
1883 1578 1952 1633 San-

1159 1668 1195 1721 cti
1208 1668 1292 1732 Atiti,
1308 1682 1394 1735 rasurae
1409 1667 1442 1722 ad
1455 1668 1526 1722 diem
1542 1668 1612 1722 lianc
1631 1667 1731 1735 gavisae
1746 1675 1820 1731 suut,
1837 1668 1908 1738 qnod
1923 1667 1951 1721 iu

1159 1758 1232 1814 ntalla
1247 1774 1356 1823 eat-unu,
1378 1759 1536 1828 qtriettnque
1559 1759 1643 1813 luerit
1667 1758 1837 1815 Sunonensis
1862 1758 1952 1813 arciri-

313 1852 386 1901 tum.
401 1847 430 1901 st
444 1863 536 1904 rorant
558 1852 614 1907 atio
629 1852 738 1924 litigare
755 1871 798 1911 me
811 1857 968 1927 contangere,
982 1856 1109 1913 detritum
1125 1836 1146 1893 Β
1161 1852 1321 1922 episcopus.
1346 1851 1567 1921 procurationem
1592 1850 1722 1920 suscepta.
1744 1850 1802 1907 ttae
1828 1860 1884 1906 aera
1908 1850 1952 1906 ci·

314 1934 403 1993 dieam
427 1955 470 1995 mc
490 1944 600 1998 tatadcm
624 1955 766 2013 expertem
787 1948 882 2018 gratie
898 1959 1007 2015 uestrae,
1025 1964 1107 2024 qrraat

311 2026 414 2101 iupiter
428 2032 488 2088 snm
501 2045 644 2104 expertus.
662 2038 765 2094 vatete.
790 2039 1040 2097 Couttrrendnbilem
1057 2058 1106 2099 aa·

314 2123 359 2178 lds
375 2124 469 2193 iaciat,
493 2128 619 2194 obsecro,
635 2127 767 2187 loannem
789 2141 913 2188 nostrum
927 2134 1108 2193 Aurelianen-

312 2228 372 2271 aem
389 2225 416 2271 et
433 2217 466 2271 ed
487 2217 663 2276 seruiendum
687 2221 784 2279 idonea
806 2241 922 2296 persona
948 2242 1007 2292 sna,
1028 2230 1108 2285 etad

314 2308 518 2379 olrseqneudum
534 2311 630 2368 deuota
646 2316 808 2385 supplicatio
822 2328 926 2378 nostra.

535 2425 590 2498 qu
609 2427 776 2485 corstona
804 2430 882 2489 erra.

331 2531 365 2569 td
384 2531 508 2572 decaden
528 2534 878 2583 taetris.edurd0todffit
898 2540 1084 2583 aowndesffl5.

315 2603 434 2669 Eactttat
452 2627 480 2666 ue
499 2613 530 2666 od
548 2613 637 2667 uarios
663 2617 849 2683 occupationes
874 2618 901 2670 iu
914 2622 976 2687 jure
995 2621 1107 2674 direrrdo

316 2686 319 2692 '
508 2682 649 2751 parentinus
666 2683 700 2736 ad
713 2700 772 2738 cum
791 2688 911 2741 accedat.

350 2768 465 2826 Summa
479 2772 619 2828 celeritate
631 2775 790 2831 accederem
807 2777 840 2831 ad
855 2794 912 2842 aas,
930 2783 953 2835 si
969 2781 1107 2838 desiderio

313 2865 467 2934 necessitas
488 2881 541 2923 non
569 2868 703 2923 obstaret.
740 2871 849 2926 Retinet
881 2888 924 2926 uae
949 2877 1106 2931 ranarulatum

314 2955 505 3025 apostolicum,
524 2957 568 3011 cui
585 2973 638 3011 non
653 2973 761 3027 parere.
778 2962 868 3030 perite
888 2973 946 3029 est;
973 2980 1024 3018 arou
1038 2967 1105 3021 olac-

315 3046 384 3110 dire,
398 3047 483 3101 obire.
509 3045 566 3102 llee
581 3047 634 3118 75
663 3049 783 3105 instante
806 3052 959 3119 Bounimon,
979 3056 1012 3109 de
1031 3072 1107 3110 ruau-

315 3137 380 3191 dato
395 3137 481 3205 ipsius
498 3136 632 3205 triplicem
652 3133 742 3195 habeo
765 3142 958 3198 necessitatem
980 3145 1104 3208 sunletrdi,

314 3235 344 3290 et
363 3227 389 3282 in
411 3229 492 3285 trium
516 3229 674 3302 cognitione
699 3247 844 3288 causarum
864 3233 964 3302 judicis
986 3235 1104 3293 alliciunt

315 3319 493 3387 exsequendi.
512 3319 571 3375 Non
591 3320 728 3390 recipiunt
748 3336 838 3379 causae
858 3324 1105 3397 dilationemque

315 3414 345 3464 et
359 3421 409 3477 per
430 3409 488 3464 litis
513 3410 742 3467 contestationem
767 3413 902 3470 iuetmatu
926 3426 1000 3481 sunt,
1021 3427 1050 3472 et
1072 3421 1105 3475 ad

314 3498 527 3569 postulationem
563 3501 704 3570 partium,
730 3504 774 3560 die
797 3506 920 3574 prosirua
949 3510 1105 3580 assignatae.

315 3588 439 3659 lispletis
459 3592 585 3662 negotiis,
604 3594 714 3663 qrraudo
729 3595 807 3652 nobis
833 3598 977 3667 placuerit,
995 3611 1050 3658 tam
1073 3604 1107 3659 li÷

316 3680 414 3737 laeuter
425 3685 530 3738 reniam
546 3685 580 3739 ad
593 3698 737 3756 nosquam
751 3686 874 3745 licenter.

575 3814 744 3873 nutstede
764 3819 855 3875 thtl.

317 3925 351 3978 pa
370 3925 489 3967 oouruuu
510 3926 668 3975 aretusae
686 3927 803 3969 reusam
816 3929 928 3971 caetras
946 3931 971 3973 s.
987 3931 1105 3977 taurea·

581 3996 636 4050 usa
654 3998 839 4056 aaaroueusts.

317 4092 464 4148 Ecclesium
474 4093 507 4150 S.
515 4094 618 4149 Eustrtii
627 4095 845 4163 Aurelianensisa
854 4101 1040 4167 procuratione
1052 4104 1107 4172 epi·

511 4165 582 4232 scopi
599 4166 708 4217 iilaccant
721 4181 776 4239 etse
786 4176 908 4224 testatur.

352 4277 501 4332 Ecclesiam
525 4278 617 4330 Sancti
635 4275 740 4330 Euurtii
757 4278 964 4352 Aracelianensis
989 4281 1015 4336 iu
1040 4297 1107 4337 ean·

317 4376 411 4439 speetu
432 4366 589 4435 arrgelornnr
607 4376 635 4421 et
648 4367 790 4421 lrominuru
803 4370 1051 4426 cotttmeudabilcm
1066 4373 1106 4428 la·

318 4436 394 4536 eiurat
408 4468 437 4514 et
453 4457 581 4512 ranerituru
607 4456 785 4524 confessoris,
805 4468 833 4514 et
857 4461 1042 4518 testimonium
1066 4463 1106 4518 ei·

317 4609 403 4703 pictur
419 4619 562 4698 episeopus,
575 4616 694 4673 omuibus
712 4616 747 4671 od
756 4634 821 4703 puae
837 4611 1003 4682 litteralium
1015 4639 1105 4705 peree-

317 4699 417 4755 nertnt,
437 4693 465 4741 lu
476 4687 589 4742 domitto
607 4687 729 4742 cultatem.
743 4688 809 4742 dunt
823 4705 855 4742 ec
872 4693 996 4745 rotundato
1007 4695 1106 4748 damnari

336 4774 394 4826 apte
410 4773 623 4880 supponerentur
634 4757 668 4809 dc
677 4773 758 4810 caraea
767 4760 881 4826 quadam
893 4776 952 4828 grae
960 4762 1107 4816 aertetnmr

331 4838 386 4883 nter
396 4845 438 4883 ecc
450 4827 530 4882 esium
539 4826 628 4882 [lentae
635 4824 785 4893 Geuot'cloe,
796 4839 820 4883 ct
828 4828 983 4893 Diaconum,
991 4832 1106 4886 deretini

319 4899 463 4968 presbyteri
483 4899 605 4967 tratrem,
622 4896 655 4948 de
670 4897 796 4964 firmitate
807 4897 928 4964 llilouis,
947 4912 971 4954 et
988 4901 1104 4956 Oalotrcm

319 4965 445 5036 clericum
470 4965 551 5035 ipsius
578 4975 714 5036 nepotem,
737 4984 815 5037 anper
841 4980 911 5022 terra
931 4987 1010 5039 grauna
1036 4972 1105 5026 ident

319 5035 455 5099 iltcclinut
470 5036 505 5089 ad
517 5033 662 5089 Carrucam
678 5052 754 5091 suant
770 5037 897 5101 caluerat,
913 5043 1018 5094 tundent
1029 5041 1100 5112 [octa

316 5105 497 5173 transactione
515 5107 648 5171 intereos,
659 5107 686 5158 iu
698 5106 767 5160 ducac
784 5110 890 5163 modurn
908 5113 980 5179 pacit
998 5121 1023 5163 ct
1042 5127 1104 5165 cota·

316 5176 416 5243 'cordiae
433 5183 624 5240 coracetrerunt,
637 5186 693 5231 etc.
715 5175 773 5231 Iloc
790 5190 877 5232 autern
897 5181 1046 5235 addendum
1066 5191 1102 5235 est

315 5244 387 5319 puod
407 5245 487 5299 alt'aut
506 5255 604 5300 terrant
623 5246 781 5316 quantaene,
800 5259 926 5316 prioratum
945 5268 997 5305 atero
1016 5252 1103 5304 ntadio

321 5315 447 5368 seminari
464 5325 562 5383 potest,
586 5315 726 5383 praedictus
746 5318 883 5372 dscettanrs
903 5320 1103 5389 praenotuiuotis

318 5383 435 5443 Draconi
453 5395 476 5439 ct
498 5385 602 5452 Odaui,
626 5385 808 5452 addicebant,
831 5390 879 5443 tud
901 5406 932 5442 cn
953 5390 1102 5442 cattditr‘oue

318 5448 470 5524 ¹icligtternt,
490 5465 518 5508 ut
536 5455 648 5524 sirrpnlis
668 5456 746 5510 aunis
764 5472 798 5511 xc
815 5460 893 5512 solidi
911 5459 945 5511 nd
964 5459 1103 5513 aruitciuut

313 5513 420 5584 aitaris
442 5525 474 5578 dc
497 5523 665 5593 Lotapoponte
693 5527 801 5579 tatinutis
829 5529 988 5596 paraperidus
1010 5529 1102 5580 distri·

317 5592 425 5650 tuerent
458 5593 607 5661 Stepltauus
628 5605 716 5649 atatem
738 5597 819 5650 addar
840 5596 946 5651 Suanetes
966 5596 1104 5665 Gertorelra

317 5661 348 5720 t’d
364 5665 388 5716 ei
407 5679 458 5718 non
478 5665 585 5718 licuisse
602 5681 734 5731 assereus,
754 5675 780 5719 et
799 5677 896 5719 terrant
921 5667 1038 5720 ecclesiae
1056 5668 1103 5719 tali

316 5747 396 5785 ancre
413 5737 495 5799 prenti
518 5751 569 5788 nou
586 5751 661 5802 posse
678 5736 776 5797 diaetas,
796 5747 892 5788 terrram
915 5739 997 5803 ipsunt
1019 5737 1104 5790 citudi-

318 5803 406 5870 cuiul,
420 5812 443 5859 ct
455 5803 569 5867 ecclcsiae
585 5804 772 5866 reatitucndam
788 5821 842 5862 estc
865 5815 953 5877 utpote
970 5808 1103 5878 propriam

1160 1947 1232 2007 ritas
1254 1946 1341 2008 uouit,
1370 1945 1422 2000 troc
1443 1946 1498 2017 76
1520 1954 1549 2003 et
1571 1946 1661 2002 clerus
1685 1946 1767 2001 siutrd
1788 1956 1816 2002 et
1837 1947 1953 2019 popalus

1160 2044 1318 2106 attestatur.
1337 2036 1371 2092 dt
1392 2038 1521 2106 quoniam
1544 2037 1712 2094 Serroneusis
1726 2040 1953 2111 acclaiepiscopns

1158 2138 1253 2184 eontra
1282 2131 1508 2187 cousuetudinem
1533 2141 1561 2186 et
1586 2131 1715 2189 Ecclesiae
1744 2132 1896 2189 libertatem
1921 2135 1949 2190 in

1159 2222 1293 2292 exigenda
1316 2222 1512 2291 procuratione
1535 2223 1695 2293 praedictam
1714 2224 1864 2279 Ecclesiam
1886 2225 1952 2279 lati-

1159 2326 1224 2382 garc
1250 2311 1379 2373 intendit.
1413 2322 1516 2367 sanctae
1549 2314 1707 2382 paternitati
1730 2322 1828 2369 restrae
1855 2328 1952 2384 preces

1159 2400 1306 2467 lrarrdiauus,
1322 2412 1352 2456 ut
1376 2402 1457 2458 alicui
1481 2417 1605 2472 personae
1631 2403 1767 2475 religiosae
1787 2415 1814 2461 et
1827 2405 1952 2462 discretae

1159 2493 1347 2563 cognitionem
1380 2508 1470 2554 causae
1508 2493 1590 2562 lnrtjrrs
1613 2496 1798 2557 eonnnnittads.
1821 2498 1951 2566 qrnordam

1160 2597 1212 2638 raon
1226 2593 1267 2637 est
1279 2583 1359 2639 facile
1373 2585 1485 2654 pauperi
1498 2585 1628 2642 Ecclesia
1643 2586 1695 2653 illi,
1714 2596 1795 2643 testes
1809 2603 1873 2643 satos
1887 2598 1952 2644 aute

1160 2673 1330 2741 praestantiam
1345 2684 1462 2744 uestram
1478 2678 1589 2742 elucere,
1603 2685 1631 2733 et
1645 2677 1799 2734 libertatem
1814 2694 1891 2733 suam
1909 2680 1952 2733 in·

1159 2773 1386 2834 strumentorum,
1402 2777 1430 2823 et
1443 2771 1551 2826 testium
1564 2770 1761 2839 approbatione
1774 2770 1950 2828 coinfirmare.

1159 2852 1188 2909 Si
1204 2872 1264 2925 quaec
1280 2858 1353 2912 enim
1375 2868 1439 2914 snrd
1454 2875 1550 2926 attera,
1567 2876 1628 2931 qraae
1647 2861 1673 2916 iu
1691 2861 1831 2931 erigendis
1850 2879 1950 2931 procn-

1158 2949 1309 3003 ratiouiturs
1324 2952 1379 3005 suis
1395 2950 1561 3012 Scatonensis
1575 2954 1797 3023 archiepiscopus
1812 2955 1950 3024 predictis

1159 3049 1278 3109 quattuor
1293 3042 1411 3096 abbatiis
1425 3043 1489 3097 uelit
1506 3043 1658 3119 imponere,
1671 3044 1875 3114 dureliaueusis
1890 3047 1951 3113 epi·

1158 3144 1256 3199 scopus
1271 3133 1304 3185 de
1319 3134 1516 3189 consuetudine
1541 3134 1633 3189 attritis
1659 3135 1828 3207 temporibus
1849 3149 1949 3205 appro-

1121 3202 1379 3292 Centaurorum
1402 3227 1436 3281 de
1459 3242 1553 3281 nicosa
1575 3227 1661 3296 ipsius
1685 3243 1746 3284 esse
1767 3229 1903 3294 dicuutur,
1917 3245 1950 3295 ea

1159 3312 1239 3369 delaet
1254 3317 1394 3385 suscipere
1411 3324 1440 3372 et
1457 3317 1580 3387 implere.
1593 3318 1669 3375 Vale.

1428 3474 1594 3532 aristosa
1617 3475 1684 3540 ΗΧ.

1466 3621 1501 3661 to
1520 3621 1640 3665 ΕΠῚΒΕΠ.

1193 3720 1268 3778 lalana
1285 3722 1382 3793 perfert
1401 3720 1584 3844 testinnonipnt
1595 3739 1643 3791 pro
1659 3735 1749 3777 eonem
1770 3725 1913 3781 S.anrrtii

1491 3808 1535 3845 ecc
1546 3809 1611 3848 erra.

1193 3909 1306 3965 Domino
1320 3923 1407 3980 papa,
1420 3905 1577 3962 Successus
1595 3906 1629 3962 de
1645 3908 1745 3964 Sancta
1761 3909 1910 3966 Gerrorela.

1194 3999 1221 4054 ln
1237 4000 1353 4055 eeclesia
1373 3997 1481 4054 Sanctae
1494 3998 1591 4055 Crucis
1604 3998 1808 4057 Aurelianensis
1834 4017 1848 4054 a
1865 4016 1949 4072 patero

1158 4093 1287 4155 nutritus,
1314 4102 1341 4146 et
1365 4091 1538 4160 postmodum
1564 4092 1591 4148 iu
1616 4091 1731 4148 eeclesia
1751 4092 1826 4149 Beati
1843 4095 1947 4151 Erurtii

1157 4183 1321 4239 contessoris
1335 4183 1386 4238 stra
1402 4181 1518 4253 regulari
1532 4182 1674 4253 disciplina
1697 4184 1850 4255 religiosam
1863 4187 1947 4243 uitam

1157 4277 1305 4347 protessus,
1321 4278 1465 4345 utriusque
1478 4273 1603 4331 ecelesiae
1618 4277 1747 4342 oneratoria
1763 4279 1859 4346 dignans
1880 4294 1947 4333 coz:-

1157 4369 1315 4424 suetudiues
1334 4369 1374 4423 sie
1393 4366 1494 4434 recolo,
1513 4375 1543 4424 ut
1561 4367 1589 4423 in
1606 4368 1646 4424 eis
1667 4385 1718 4426 uec
1739 4385 1782 4424 mc
1801 4371 1855 4424 latii
1874 4372 1947 4424 ansti-

1157 4474 1239 4526 meru,
1256 4476 1304 4515 uec
1319 4460 1387 4514 alios
1401 4459 1495 4516 lallare
1511 4479 1553 4521 me
1566 4478 1725 4534 proponam.
1742 4462 1804 4517 laude
1818 4471 1861 4517 est
1876 4462 1946 4531 graud

1159 4622 1299 4675 ostentant.
1314 4614 1380 4670 Cum
1396 4630 1484 4675 aretem
1502 4619 1624 4686 praedicti
1635 4619 1720 4673 Draco
1734 4629 1760 4673 et
1772 4619 1831 4674 Ode
1845 4632 1947 4674 uetares

1158 4686 1298 4740 luaudnreut
1307 4687 1427 4740 tridentem
1438 4702 1461 4743 et
1477 4692 1620 4744 tarouacltot
1633 4700 1665 4743 dc
1675 4689 1853 4758 Latapapoute,
1867 4703 1890 4743 et
1902 4708 1947 4744 cas

1158 4756 1261 4815 diesilti
1278 4757 1413 4823 ossignano
1434 4760 1584 4828 descensores
1604 4762 1794 4828 promitterent,
1815 4761 1884 4813 dicut
1903 4779 1946 4813 os-

1157 4828 1329 4896 tipttuot'utns.
1348 4823 1513 4896 l'ent‘ctttiluts
1524 4840 1612 4889 tarttctn
1626 4829 1661 4883 nd
1670 4831 1749 4890 dicut,
1759 4831 1885 4896 ,antedicto
1901 4834 1946 4884 nt-

1158 4898 1217 4949 butc
1231 4906 1255 4949 et
1267 4898 1402 4950 canonicis
1418 4899 1500 4953 dentre
1512 4898 1661 4967 Genoaepu‘,
1675 4902 1734 4968 juta
1754 4901 1841 4952 dictus
1858 4899 1945 4964 Draco

1158 4976 1182 5023 et
1194 4963 1253 5019 oto
1269 4975 1404 5027 uerterunt,
1420 4970 1465 5021 red
1481 4986 1513 5022 ue
1529 4975 1563 5022 'ue
1581 4964 1663 5022 addas
1679 4971 1711 5034 de
1723 4968 1889 5038 Lottpoponte
1902 4988 1945 5024 nes

1158 5051 1208 5105 pue
1225 5036 1361 5099 ntoaterclai,
1384 5039 1429 5105 paci
1450 5055 1495 5092 eoa
1513 4987 1693 5108 defenderant,
1715 5040 1877 5110 attinendum·
1897 5057 1945 5094 uos

1157 5114 1245 5159 atatem
1270 5106 1427 5161 auctart'tntc
1450 5110 1568 5162 tatnrrdutt'
1585 5110 1683 5162 dautt'ui
1698 5125 1774 5175 pupae
1792 5109 1825 5161 dc
1842 5126 1945 5182 paracara-

1157 5176 1258 5228 ntinntu
1270 5187 1353 5236 terra,
1366 5188 1494 5244 agatentrtuut
1514 5180 1613 5232 scilicet
1638 5195 1690 5231 uno
1713 5178 1800 5231 turadia
1820 5179 1945 5241 ceratinari

1156 5254 1250 5313 potest,
1262 5245 1404 5298 uolentibus
1416 5246 1527 5315 idipsum
1541 5249 1631 5301 (idone
1641 5257 1665 5299 et
1679 5247 1808 5312 llrocoue,
1825 5249 1851 5301 iit
1863 5265 1945 5314 mutata

1157 5313 1260 5369 adlatis
1280 5315 1417 5367 ecclesium
1443 5319 1473 5368 S.
1496 5316 1634 5386 Gettoeelie
1654 5318 1853 5382 itteestieintur',
1875 5329 1898 5370 et
1920 5322 1944 5372 ei

1156 5390 1253 5437 terrant
1272 5393 1362 5453 utpote
1374 5400 1449 5436 suunt
1463 5389 1637 5453 reddidimus,
1650 5398 1704 5441 cte.
1724 5385 1778 5440 Nee
1793 5390 1889 5441 nduuu
1904 5391 1943 5439 vi-

1157 5455 1215 5506 deri
1241 5455 1320 5509 debet
1341 5454 1363 5508 si
1387 5455 1474 5509 Draco
1499 5457 1563 5520 ide,
1595 5457 1629 5510 de
1653 5472 1706 5522 quo
1728 5457 1818 5526 aginta
1841 5458 1867 5511 iu
1892 5458 1948 5518 itae

1156 5523 1259 5590 eltarta,
1280 5533 1309 5578 ct
1330 5525 1376 5592 tpui
1402 5526 1504 5578 dicitur
1528 5529 1677 5581 intortaeirus
1699 5525 1943 5592 cisterciensium

1157 5595 1284 5660 praesenti
1310 5593 1424 5663 opuscola
1448 5597 1546 5664 praedia
1570 5598 1660 5665 aliqua
1689 5596 1860 5650 lnaercditario
1880 5597 1943 5664 jure

1157 5665 1308 5730 possederit
1330 5680 1338 5719 ι
1360 5664 1465 5718 licitum
1489 5668 1563 5720 enim
1589 5675 1616 5721 et
1642 5668 1770 5734 incurrens
1791 5679 1850 5719 erat
1871 5669 1943 5736 apud

1159 5736 1306 5789 antoanaclaos
1331 5735 1460 5802 arationes
1488 5746 1601 5804 paterna
1626 5736 1784 5789 luureditate
1812 5738 1941 5806 gaudere,

1157 5818 1272 5873 eantque
1285 5805 1443 5860 ructuasterii
1463 5805 1635 5864 facultatibus
1652 5804 1801 5869 ascribere,
