4425 6450
242 420 297 477 iss

730 419 924 480 EPISTOLAE.
940 454 973 465 —
995 422 1084 482 itatis
1103 423 1137 479 11.
1155 424 1212 481 ΑΝ.
1234 377 1398 485 titt-ttae.

1831 436 1886 493 111

241 540 399 609 gentionem
425 544 594 608 provocent,
620 540 668 596 red
694 542 728 596 ad
755 540 970 598 oitsettiorittan
990 540 1202 613 rosibitque,
1225 550 1254 599 et
1288 553 1413 614 sumptui
1448 544 1604 615 providebit
1634 546 1806 604 neemiirior
1836 550 1884 619 qni

241 631 372 687 inritent.
393 629 490 687 Patres
505 630 590 687 uestri
607 632 756 688 seeundum
773 648 885 691 earnem
903 636 961 709 (19)
974 653 1041 709 gen·

242 722 284 778 tili
306 723 398 779 adbuc
424 722 479 779 ritu
513 739 546 781 ac
575 726 772 795 superstitione
798 729 902 786 detenit
937 728 1041 786 Gallius

241 816 407 872 iiiraileotes
424 815 585 873 tortitudine
609 816 715 874 braeliii
740 820 799 887 sui,
826 830 855 877 et
882 821 910 877 iii
942 823 1040 879 robore

240 908 344 963 niriuni
369 922 482 964 sitarum
510 910 611 975 urbes,
637 911 768 977 castella,
786 923 956 986 caeterasque
980 931 1041 970 iiio·

241 1000 365 1058 nitiooes
388 1011 540 1073 eopernttt;
572 1003 664 1071 uicos,
690 1003 770 1059 villas
791 1013 819 1059 et
841 1022 922 1079 agros
949 1018 1039 1063 tasta-

241 1102 329 1149 runt:
353 1092 492 1161 homines,
508 1094 577 1150 atior
601 1095 628 1151 in
654 1097 774 1164 predam
797 1107 826 1153 et
852 1097 1038 1166 captiuitatem

241 1187 433 1253 abduxerunt,
448 1187 516 1243 alios
531 1188 558 1243 in
583 1202 631 1244 ore
646 1189 727 1259 gladii
751 1197 961 1261 percussetnnt3
980 1189 1037 1244 loca

242 1289 340 1337 saneta
362 1281 491 1337 incendio
516 1290 544 1337 et
566 1282 643 1338 ruina
660 1284 695 1338 ad
716 1284 802 1339 solunt
823 1298 908 1355 nsque
932 1282 1038 1353 deiece-

242 1384 319 1430 runt.
340 1374 413 1432 lnter
434 1374 523 1442 aliis,
552 1375 624 1447 qttod
649 1375 710 1432 sine
736 1377 853 1447 suspirio
867 1384 897 1433 et
915 1375 1038 1448 singultu

242 1467 350 1525 referre
375 1483 429 1523 non
454 1482 619 1536 possumus,
642 1482 694 1524 nec
717 1469 867 1529 debemus.
891 1465 1037 1525 ecclesiam

242 1561 432 1633 apostolorum
444 1561 519 1617 Petri
535 1570 562 1616 et
583 1560 670 1626 Pauli,
684 1561 710 1616 in
728 1575 781 1632 qua
797 1560 876 1617 beata
892 1561 968 1629 uirgo
983 1557 1038 1614 Ge·

242 1652 342 1709 noreio
370 1653 517 1723 requiescit
542 1652 569 1707 in
590 1664 706 1719 corpore
728 1651 798 1723 (oo),
826 1649 911 1720 regali
938 1664 989 1719 ope
1012 1658 1041 1704 et

243 1758 328 1815 opere
341 1753 530 1801 constructam
543 1745 648 1799 musivo
660 1743 718 1816 (11)
730 1745 802 1800 intus
814 1753 841 1800 et
854 1752 952 1809 eitra,
968 1742 1038 1797 sicot

244 1836 369 1907 reliquie
390 1836 480 1892 adbuc
505 1844 660 1903 testantur,
687 1846 814 1893 ornatam
838 1845 868 1894 et
885 1835 1036 1905 depictam,

244 1929 396 1985 miserabili
417 1939 630 1987 concremarunt
646 1930 789 1999 incendio,
807 1945 858 1986 nec
879 1942 961 1986 sacro
977 1928 1037 1982 loco

244 2033 406 2094 parcentes,
423 2040 472 2081 nee
495 2026 583 2082 beate
606 2025 724 2097 virgini,
748 2025 845 2082 aliisue
869 2022 975 2080 sanctis
989 2024 1036 2093 qui

244 2115 284 2172 ibi
306 2116 496 2186 requiescunt,
512 2117 693 2173 reuerentiam
718 2116 891 2173 eiliibentes.
915 2114 1037 2170 Tandem

244 2224 298 2280 per
315 2211 361 2267 bei
377 2212 494 2283 gratiani
511 2210 654 2268 barbaries
673 2211 718 2265 illa
735 2212 864 2282 antiqua,
879 2207 1038 2265 Christiana

244 2303 455 2359 mansuetudine
477 2302 602 2374 initigata
626 2310 668 2359 est
690 2311 854 2367 etinutata,
870 2310 899 2358 et
925 2307 1037 2372 septon-

245 2394 366 2451 trtonaie
388 2394 475 2467 frigus
497 2396 589 2451 calore
618 2395 680 2449 idei
709 2393 905 2465 liquefactum,
930 2393 1039 2464 rejectis

243 2484 328 2541 idolis
352 2485 512 2541 Creatorem
549 2500 629 2541 suunt
661 2484 843 2556 recognovit,
876 2492 1040 2554 partemque

243 2578 407 2649 Galliarum,
423 2596 482 2652 quae
498 2596 512 2634 a
527 2578 728 2650 septentrionis
749 2578 859 2635 noiiiiue
870 2578 1039 2634 Norinannia

242 2675 347 2731 dicitur
362 2675 439 2747 tua),
455 2672 542 2729 Neres
563 2683 591 2728 et
605 2673 672 2728 batti
696 2672 784 2728 renati
808 2672 834 2727 in
859 2670 970 2728 cbristo
986 2672 1039 2729 sibi

243 2782 273 2830 et
287 2773 407 2845 posteris
431 2770 488 2825 suis
513 2768 650 2831 retinent,
668 2768 824 2826 inhabitant
847 2776 874 2823 et
889 2767 994 2824 colunt.
1012 2768 1040 2823 lii

243 2866 293 2921 llta
320 2862 515 2936 perseeutione
541 2864 660 2934 parietes
683 2860 807 2918 eccesia
835 2868 937 2919 nostrie
964 2875 1041 2916 com·

244 2959 340 3023 busti,
366 2966 393 3013 et
424 2958 499 3012 exesi
528 2962 665 3010 vetustate
694 2954 777 3009 nimia
804 2962 832 3009 et
867 2952 1042 3025 corruptions

245 3054 388 3109 minantur
418 3050 541 3115 ruinam,
569 3057 598 3103 ct
622 3046 762 3119 suspirant
785 3047 877 3103 fulciri
904 3055 1042 3105 sustenta·

246 3147 328 3212 ento,
348 3153 375 3201 et
395 3145 688 3216 opperiuntnroperiri
704 3151 785 3199 tecto.
810 3141 973 3213 Comparate
999 3152 1042 3199 est

1096 646 1237 701 nunqnam
1255 631 1422 702 derelinquit
1439 633 1466 688 io
1480 648 1511 689 se
1526 643 1670 705 sperantes
1684 649 1780 692 seruos
1802 652 1882 693 roos.

1093 719 1125 774 iit
1152 721 1282 791 quoniam
1311 723 1338 777 in
1364 731 1439 779 tanto
1463 738 1562 795 opere,
1580 725 1639 781 site
1664 740 1761 794 nume,
1787 729 1885 799 stipent

1092 815 1250 873 mendicare
1274 817 1464 888 compellimur
1487 818 1628 885 alienam,
1656 820 1827 877 recurrimus
1851 823 1887 878 td

1092 905 1285 964 iiberalitatcm
1300 918 1439 977 uestram,
1455 920 1486 965 ui
1500 911 1548 980 qui
1562 910 1713 980 aliquando
1731 911 1885 969 bominum

1091 1000 1272 1057 coirsneuistis
1295 1014 1387 1057 emere
1417 1002 1559 1072 plumbum
1574 1002 1650 1074 (61),
1681 1005 1708 1061 in
1738 1004 1888 1060 coemendo

1090 1088 1202 1159 plumbo
1219 1089 1335 1161 duplico
1357 1101 1385 1147 ct
1403 1089 1565 1147 benevolum
1588 1094 1720 1163 aperiatis
1743 1096 1886 1163 animum,

1090 1189 1119 1237 et
1135 1182 1285 1239 benedranr
1320 1185 1475 1243 extendatis
1500 1203 1623 1244 manum.
1641 1186 1691 1244 llio
1706 1188 1818 1259 plumbo
1836 1206 1887 1245 nu·

1091 1276 1190 1329 dantur
1214 1275 1356 1343 ecclesie,
1384 1286 1513 1350 teguntur
1538 1280 1602 1336 isto.
1629 1281 1774 1339 bissiniilis
1801 1298 1886 1354 nego-

1092 1368 1181 1436 tiatio,
1200 1382 1264 1425 euin
1291 1369 1319 1424 in
1342 1367 1388 1424 illa
1404 1384 1475 1441 stepo
1491 1379 1608 1428 moereat
1623 1381 1771 1443 acceptor,
1786 1373 1813 1428 in
1833 1374 1884 1428 ista

1090 1474 1199 1531 semper
1228 1469 1366 1518 mereatur
1395 1461 1519 1533 trirgttor.
1540 1462 1607 1519 illud
1633 1463 1755 1534 litigioso
1775 1478 1887 1533 semper

1090 1566 1160 1609 iuro
1193 1553 1359 1623 redimitur,
1392 1557 1463 1612 istud
1496 1558 1624 1629 religioso
1655 1574 1768 1630 precum
1798 1560 1886 1630 pretio

1091 1655 1279 1716 toiuparatur.
1302 1646 1426 1705 Fratrem
1444 1661 1567 1707 nostrum
1588 1650 1634 1709 G„
1648 1652 1822 1723 preasentiunt
1847 1654 1888 1709 la·

1093 1750 1179 1796 torem
1196 1738 1336 1806 misimus,
1358 1741 1406 1810 qui
1421 1749 1449 1796 et
1472 1744 1621 1811 prudenter
1638 1745 1750 1815 impleat
1770 1747 1886 1801 ntaitila·

1093 1841 1149 1886 tum
1165 1841 1288 1888 nostrum
1299 1872 1307 1898 ‚
1319 1841 1346 1887 et
1360 1832 1476 1889 tideliter
1493 1834 1708 1907 uobis-reportet
1721 1836 1885 1893 beneficium

1089 1925 1223 1981 alienum.

1230 2050 1410 2121 220-221
1423 2049 1591 2109 aristote
1606 2054 1731 2114 exivit.

1179 2160 1213 2201 io
1225 2160 1404 2201 transtinet
1419 2158 1606 2201 siswiceiiseii
1627 2162 1773 2205 eriscorus

1091 2237 1233 2292 Plumbum
1245 2237 1309 2308 petit
1319 2236 1354 2290 tid
1364 2237 1481 2360 acciteiioe
1494 2236 1525 2360 S.
1542 2235 1681 2308 Genottsie
1696 2243 1887 2311 repetitionem
1956 2274 1961 2282 ·

1399 2323 1413 2362 e
1439 2323 1505 2361 orno
1518 2323 1573 2361 ιιιιι.

1127 2400 1284 2458 Venerabili
1296 2410 1324 2457 et
1335 2401 1433 2457 illustri
1448 2400 1507 2456 tiro
1519 2400 1694 2471 lineiuino,
1711 2405 1840 2477 episeopo
1853 2408 1887 2464 de

1092 2494 1211 2551 Sderidi
1238 2493 1315 2567 (111),
1344 2493 1430 2549 irater
1451 2493 1610 2549 Saeturnus
1633 2495 1668 2550 de
1689 2495 1720 2555 S.
1735 2497 1887 2566 Generosa,

1091 2588 1292 2660 qualiscunque
1304 2585 1442 2652 minister,
1465 2586 1582 2643 salutent
1603 2594 1710 2642 etcum
1729 2590 1803 2645 omiti
1820 2590 1888 2645 dile-

1093 2680 1185 2736 ctione
1198 2677 1278 2736 ildele
1294 2677 1468 2748 obsequium.

1128 2769 1282 2827 iucundam
1298 2770 1383 2826 nestri
1396 2772 1559 2829 memoriam
1573 2773 1684 2845 reliquit
1696 2774 1773 2832 nobit
1788 2776 1888 2832 eliseo·

1092 2864 1129 2919 tia
1144 2860 1338 2932 testimonias
1362 2862 1385 2919 si
1401 2863 1570 2921 delectamur
1580 2866 1714 2937 reliquiis,
1741 2866 1778 2922 ita
1797 2869 1888 2923 retici·

1094 2971 1156 3010 iiior
1170 2954 1377 3011 blandimentis.
1394 2954 1561 3012 Mirabantur
1571 2958 1685 3015 senilem
1700 2960 1885 3016 maturitatem

1093 3047 1249 3118 injusene,
1272 3046 1456 3119 episcopalem
1481 3047 1643 3121 dignitatem
1675 3050 1701 3105 in
1725 3052 1818 3108 futuro
1836 3068 1887 3109 an·

1095 3141 1198 3208 tistite,
1224 3139 1389 3213 presttndaiu
1418 3141 1601 3198 bumilitatem
1626 3143 1763 3201 innubili
1784 3147 1885 3215 stirpe,

247 3235 385 3305 lignorum
411 3233 541 3289 ntateries
566 3233 773 3304 superponenda
800 3233 913 3290 retectis
928 3230 1075 3303 parieti-G
1093 3233 1307 3291 nniiiitieentiam
1336 3233 1477 3289 liberalem
1505 3234 1533 3288 in
1558 3234 1738 3301 seltolastieo,
1755 3237 1886 3294 sociateni

248 3324 1042 3398 triemitoniummanturanensupponendasperanor

248 3418 494 3513 iubentiumque
511 3419 557 3490 qui
580 3419 664 3490 coeprit
682 3433 770 3490 opus,
795 3419 919 3491 perficiet
941 3420 1042 3477 solida·

285 3556 344 3627 (119)
368 3555 518 3613 Normanni
535 3555 657 3622 scilicet,
670 3555 762 3627 populi
790 3559 1040 3625 septentrionales,

248 3631 297 3702 qui
311 3643 345 3682 ex
361 3627 456 3693 baula,
472 3629 570 3683 Suecia
595 3620 756 3696 eaeterisque
778 3628 865 3698 plagis
891 3630 1043 3698 ailiacenti·

249 3701 320 3764 boi,
343 3701 442 3768 sepius
466 3696 582 3752 Galliam
607 3701 658 3754 sub
685 3699 803 3753 niediutn
827 3697 949 3755 etlinem
978 3702 1042 3756 noui

250 3768 342 3827 tacutt
366 3770 496 3839 impetum
519 3767 662 3836 lecerunt,
686 3783 834 3837 omnesque
858 3769 991 3826 eeclesias
1015 3779 1043 3826 et

251 3843 310 3898 loct
336 3841 378 3909 pia
405 3839 479 3895 ierro
505 3851 533 3895 et
559 3839 619 3895 tneo
650 3842 873 3896 devastatorem.
904 3839 977 3895 litter
1009 3856 1044 3897 cii

250 3910 371 3968 marinio
386 3912 580 3967 inuiiastcriuio
597 3910 626 3964 S.
636 3908 788 3966 -Geiioveiae
799 3909 972 3966 Parisiensis.

282 3982 343 4110 gib)
371 3980 436 4038 ttae
465 3981 581 4036 ecelesia
611 3979 725 4035 limitata
745 3981 796 4034 init
818 3979 896 4047 torta
923 3979 1044 4036 Parisios

252 4070 268 4111 a
306 4053 425 4108 lodoveo
441 4051 592 4108 Galliarum
615 4064 694 4120 rege,
714 4051 787 4105 circa
812 4063 913 4104 antinoi
929 4049 1001 4115 ene,
1015 4061 1045 4107 ut

252 4122 415 4193 adimpleret
435 4131 545 4184 totuin,
573 4123 670 4190 quud..
683 4122 817 4177 suadente
844 4121 959 4176 clotilde
981 4124 1045 4191 piis·

252 4195 323 4252 sinna
339 4193 446 4263 regina,
460 4193 586 4256 foderat,
599 4194 710 4255 dicens,
733 4202 803 4247 teste
820 4201 932 4248 auctore
953 4202 1046 4260 gesto·

253 4280 314 4322 rum
341 4279 434 4334 regum
460 4262 605 4318 traotta:
627 4280 636 4314 t
655 4262 750 4318 fiatur
766 4261 881 4318 ecclesia
901 4263 1043 4319 beatorum

252 4335 457 4405 apostolumm,
474 4337 537 4389 dum
549 4373 557 4398 ,
570 4333 719 4390 :iuiittinie
748 4335 821 4401 beo,
837 4334 1012 4398 revertimur,
1032 4354 1042 4388 i

252 4405 354 4461 etiello
374 4404 479 4461 seilicet
505 4415 600 4460 ratiti-a
617 4405 722 4461 Gottios
734 4407 781 4476 qui
798 4405 975 4474 Aquitaniam
994 4408 1044 4461 de·

252 4477 406 4532 restabant.
425 4475 531 4545 Corpus
553 4487 644 4531 autem
664 4477 692 4532 ti.
717 4475 861 4532 Geitoret'ae
880 4475 994 4546 riaginis
1017 4477 1046 4532 in

252 4565 284 4602 ea
301 4548 439 4601 eonditum
465 4556 524 4612 est,
539 4557 568 4601 nt
592 4559 671 4602 notat
695 4549 844 4618 Gregorius
858 4546 1044 4613 Turonensis,
1062 4572 1084 4630 ὓ

252 4617 462 4688 sepulcrumque
484 4619 560 4687 ejus,
574 4620 645 4689 iptiotl
662 4634 747 4691 usone
760 4619 839 4674 trodio
863 4620 890 4674 iii
912 4633 943 4672 ea
960 4619 1046 4674 inira·

251 4688 323 4745 eiitis
341 4688 460 4758 undique
485 4698 627 4755 coruscat,
654 4689 879 4746 nianiicstissime
893 4691 1043 4747 eenriiieit.

289 4760 347 4829 tb'l)
372 4758 478 4816 llusita
501 4774 585 4828 opera
614 4775 661 4817 seii
679 4761 823 4828 mosaica,
843 4776 876 4815 ea
902 4771 965 4815 suot
986 4776 1045 4830 uum

254 4833 392 4889 tessettata
415 4840 442 4885 et
454 4831 548 4887 sectile
577 4842 656 4887 vocat
672 4833 821 4888 Suetonius
836 4831 964 4896 inlatio,
982 4849 1042 4901 rap.

252 4904 289 4957 te
306 4917 314 4956 ι
334 4900 389 4956 itn
406 4902 629 4974 expeditionibus
644 4903 783 4958 tessellata
801 4914 829 4959 et
854 4903 946 4958 fictilia
967 4904 1043 4971 pari·

254 4982 347 5027 menta
359 4974 537 5029 circumtulit.
555 4992 564 5025 i
580 4973 613 5027 lit
628 4974 897 5045 scioccamente:
911 4991 920 5025 ι
939 4971 1044 5043 Pauper

252 5043 307 5099 sibi
323 5042 428 5098 ridetur
450 5060 481 5100 ae
508 5045 656 5111 sordidus,
670 5044 721 5099 nisi
748 5047 867 5116 parietes
893 5047 998 5114 maguis
1016 5055 1044 5098 et

253 5114 387 5183 speciosis
420 5117 534 5173 orbibus
568 5114 748 5182 effulserint„
770 5116 821 5172 nisi
858 5115 1042 5170 Alexandrina

254 5198 392 5241 marmora
418 5184 580 5243 ltuiiiidiatis
607 5188 708 5242 crustis
733 5188 862 5243 distincta
892 5187 964 5252 tint,
990 5185 1041 5241 nisi

254 5253 310 5310 itttr
324 5258 443 5326 undique
458 5272 572 5326 operosa
589 5268 616 5314 et
633 5261 659 5313 itt
681 5257 795 5328 pictor-a
810 5259 918 5313 modum
934 5257 1043 5311 tertiata

254 5325 421 5383 circumlitio
442 5330 610 5398 praetexitur.
627 5347 637 5380 t
654 5329 681 5383 S.
708 5330 775 5400 Aug.
803 5331 868 5384 item
881 5368 889 5394 ,
904 5328 951 5383 tib.
978 5341 1041 5392 sti,

253 5394 295 5450 De
319 5397 424 5452 ciuitati
452 5398 517 5467 liei,
545 5415 605 5468 cap.
622 5398 664 5455 8:
682 5419 691 5451 i
709 5400 814 5456 caieta
841 5400 980 5454 lioiniirinn
1001 5400 1042 5453 tel

254 5467 334 5537 quasi
359 5469 501 5524 lioiirinuin
526 5485 627 5540 genera
647 5486 708 5541 qum
736 5470 763 5523 iii
793 5469 928 5525 niaiiiiina
954 5470 1042 5540 platea

255 5539 432 5610 lbnrtlreginis
443 5540 547 5596 iuusiro
562 5542 634 5610 [ricta
649 5553 723 5598 sunt.
740 5558 750 5593 t
770 5541 922 5606 Vitruvius,
935 5556 996 5611 cap.
1014 5541 1040 5606 l,

253 5608 411 5664 meminita
427 5624 456 5669 se
472 5612 544 5668 iiras
570 5613 724 5680 bitjusinodi
742 5613 963 5684 pauimeiitoruni
976 5610 1041 5665 reli·

277 5694 352 5751 titas,
369 5700 379 5733 i
396 5681 424 5737 in
448 5683 548 5752 quinos
570 5684 707 5739 tessettatt
729 5699 880 5749 marmora,
908 5681 1041 5736 niinutilis

208 5760 219 5795 ·'-
286 5750 329 5807 bis
343 5767 396 5807 nun
412 5756 515 5822 ttirtp‘era
530 5755 644 5825 piscium
659 5764 686 5808 et
700 5755 816 5810 aliarum
832 5769 923 5809 rerum
937 5753 1041 5824 efligies

255 5820 344 5880 vitriis
355 5823 494 5882 coloribus
508 5826 639 5896 grapltice
655 5825 825 5882 imitantem
844 5824 980 5894 Ejiismedi
996 5838 1041 5893 pe·

258 5892 380 5982 ninrenta¹
394 5911 507 5982 ceiuieie
521 5896 608 5954 autur
623 5896 685 5955 licet
701 5897 728 5952 itt
748 5897 868 5955 basilicis
876 5895 1056 5985 Sitioupsli

1072 5978 1080 5985 ·
1092 5902 1154 5954 titini
1167 5896 1244 5953 tibi.

1093 3325 1281 3382 affabititatem
1294 3325 1469 3397 insanguine
1483 3325 1570 3398 regio,
1591 3326 1760 3385 Gallicanam
1777 3331 1887 3403 elegati·

1094 3424 1160 3477 tiana
1176 3419 1204 3475 in
1225 3419 1434 3492 septentrionali
1447 3419 1515 3476 tiro.
1532 3419 1592 3476 lion
1605 3420 1742 3481 cretlimiis
1753 3462 1755 3466 -
1767 3423 1793 3480 iu
1811 3426 1887 3483 rolris

1093 3558 1122 3613 iu
1137 3556 1276 3625 Francia,
1292 3554 1322 3611 S.
1336 3554 1452 3626 Remigii
1488 3555 1651 3623 bernensis,
1666 3565 1694 3612 et
1706 3557 1777 3615 aliis.

1130 3628 1191 3698 161),
1199 3627 1353 3683 Ροιιιιιιιιιι
1365 3624 1584 3684 ltoinraonoium
1601 3627 1887 3703 iiieendia,eaedesouo

1094 3714 1142 3769 pet
1154 3699 1270 3754 tialliatn
1288 3706 1459 3768 perpetratas
1473 3737 1480 3761 ,
1500 3697 1618 3754 Carolus
1633 3699 1723 3753 dictus
1738 3699 1861 3770 Siinplei
1876 3746 1885 3770 ,

1096 3769 1190 3824 ridens
1203 3783 1233 3824 se
1245 3784 1307 3825 esse
1318 3770 1450 3839 imparem
1463 3769 1496 3822 ad
1511 3770 1692 3824 resistendum
1706 3770 1797 3838 geritis
1811 3772 1886 3829 itlius·

1095 3836 1217 3903 lenitati,
1230 3854 1325 3908 paceni
1339 3852 1402 3892 eum
1412 3851 1445 3892 ea
1462 3838 1522 3892 iniit
1543 3839 1595 3894 bac
1609 3839 1780 3909 potissimum
1793 3842 1887 3898 condi.-

1097 3912 1171 3965 tiotie
1198 3918 1227 3963 ut
1253 3909 1392 3964 Christum
1423 3907 1534 3962 coleret.
1565 3907 1748 3975 Quamobrem
1777 3909 1885 3967 illorum

1096 3979 1224 4048 princeps
1247 3977 1359 4032 nertiine
1382 3976 1460 4030 ltotto
1476 3975 1829 4046 tatacronegeneraiioois
1845 3984 1888 4036 iu·

1096 4057 1208 4115 tinctus,
1233 4055 1336 4103 imitato
1356 4047 1466 4100 tramitte
1482 4047 1508 4099 in
1534 4046 1704 4115 lieberttnn,
1720 4052 1826 4120 aceepit
1857 4055 1885 4108 in

1097 4134 1210 4172 titionem
1234 4119 1341 4176 Gissain
1362 4116 1433 4184 regis
1458 4115 1558 4182 titiam,
1579 4129 1606 4172 et
1619 4134 1681 4173 cuin
1701 4134 1733 4174 ea
1749 4119 1775 4172 in
1793 4123 1887 4180 dotem

1095 4188 1252 4244 Neustriani
1275 4187 1463 4260 pirovineiam,
1491 4202 1552 4258 qtrae
1573 4202 1607 4244 ei
1635 4189 1687 4244 boe
1710 4189 1887 4251 Nurriraiiniar

1096 4276 1195 4315 nornen
1212 4265 1308 4316 sortita
1323 4267 1378 4316 est.

1132 4331 1189 4403 itii)
1207 4331 1309 4387 Ailiiitit
1335 4330 1369 4383 ad
1387 4327 1530 4400 ptiimbuni,
1554 4329 1693 4387 bullarum
1718 4335 1887 4404 apostolica·

1097 4417 1169 4469 tuto,
1182 4419 1236 4472 qno
1251 4403 1316 4457 dicit
1330 4401 1427 4455 nudari
1438 4402 1480 4455 sui
1498 4402 1627 4470 temporis
1642 4403 1784 4468 eeclesias,
1802 4408 1827 4463 iii
1843 4419 1887 4463 est

1099 4483 1175 4529 tanto
1192 4475 1281 4546 pretio
1295 4471 1468 4542 comparari,
1489 4482 1519 4526 ut
1533 4472 1638 4543 praelati
1652 4475 1835 4531 ecelesiarum
1852 4484 1886 4534 ait

1098 4548 1239 4615 pernitiam
1261 4543 1462 4613 redigerentur.
1495 4542 1522 4597 ln
1538 4546 1630 4598 intirim
1649 4554 1742 4599 autem
1770 4547 1887 4605 tiattcbai

1097 4616 1207 4684 plumbo
1221 4620 1362 4684 cooperire
1377 4613 1520 4669 ecclesiam
1534 4613 1563 4668 S.
1573 4614 1729 4681 Geiioietae,
1744 4620 1799 4672 sed,
1809 4620 1847 4673 ad
1858 4620 1886 4675 id

1098 4690 1217 4756 impares
1230 4687 1305 4739 tuere
1315 4685 1376 4751 ejus
1391 4682 1547 4740 lacuttates.

1133 4759 1190 4829 ttitt
1214 4755 1277 4812 Fuit
1301 4754 1477 4811 baldemarus
1499 4754 1572 4823 regio
1596 4757 1666 4822 apud
1697 4761 1886 4820 baiiosortot

1097 4832 1243 4898 satrgiiine,
1259 4828 1287 4882 in
1298 4827 1484 4896 episcopalium
1496 4821 1693 4881 Slewttettsettt
1717 4845 1885 4903 assumptus,

1096 4903 1222 4957 seticum
1240 4897 1316 4968 regni
1333 4895 1551 4966 portionemsibi
1563 4896 1697 4965 assignari
1712 4909 1829 4970 peteret,
1847 4907 1887 4962 ti..

1096 4972 1163 5027 cidit
1178 4973 1204 5025 1ιι
1219 4971 1291 5039 regis
1310 4965 1478 5048 iuimicitias,
1498 4965 1532 5019 ob
1549 4981 1618 5047 quas
1643 4969 1832 5043 episcopatum
1845 4981 1886 5033 in.

1097 5042 1206 5096 mittere
1222 5048 1334 5095 coactns
1346 5046 1398 5101 est,
1408 5047 1564 5106 pitininento
1574 5048 1658 5094 ettam
1681 5047 1803 5110 praestito
1817 5049 1886 5117 (itte

1095 5126 1208 5168 earcere
1222 5126 1251 5166 se
1261 5111 1405 5177 exiritercip
1420 5121 1558 5176 nunqnam
1570 5123 1599 5165 se
1609 5126 1642 5167 eo
1657 5113 1684 5168 in
1699 5113 1759 5170 loeo
1775 5132 1887 5173 trianso-

1095 5199 1167 5246 ruiti,
1184 5185 1211 5239 in
1225 5197 1280 5253 quo
1305 5180 1359 5250 regi
1375 5189 1519 5249 suspectos
1534 5181 1614 5246 toret,
1636 5185 1785 5241 bononiam
1798 5203 1829 5241 se
1842 5204 1885 5242 io·

1094 5256 1179 5325 cepit,
1192 5256 1237 5309 ubi
1253 5253 1350 5309 studiis
1368 5265 1480 5321 opetum
1493 5253 1576 5306 dedit.
1600 5256 1636 5308 dt
1647 5270 1710 5310 cuin
1724 5274 1795 5310 antro
1814 5260 1885 5314 taut

1095 5327 1271 5392 ttartonicmi,
1291 5323 1447 5378 liconiensis
1461 5323 1694 5395 arentepiseopus.
1709 5327 1885 5387 latotonetus

1094 5398 1202 5463 luisset,
1230 5398 1289 5466 ipse
1307 5395 1482 5451 Vadelniarus
1498 5396 1524 5448 io
1539 5411 1598 5464 epis
1609 5397 1698 5452 locunt
1724 5415 1739 5454 a
1757 5401 1884 5456 breinen-

1093 5470 1170 5525 sibus
1184 5469 1305 5538 eiigitur,
1324 5469 1425 5538 spretis
1437 5477 1528 5521 tamen
1542 5467 1788 5540 ttatrtbiii·gerrsiuiii
1803 5483 1882 5542 rutis,

1092 5545 1139 5611 qui
1160 5543 1188 5597 iu
1205 5543 1339 5597 electione
1352 5537 1508 5593 litertreusis
1533 5539 1733 5614 ercliiepiseopi
1753 5542 1883 5617 stitit-aga

1092 5613 1167 5669 t'erue
1182 5623 1392 5678 eoiisueterant,
1409 5614 1480 5665 uiide
1492 5625 1582 5680 pravis
1595 5622 1656 5667 ortt
1668 5620 1712 5671 eit
1722 5625 1884 5671 minitanter.

1092 5699 1132 5736 sia
1156 5684 1229 5739 inter
1240 5698 1299 5751 eos,
1312 5685 1345 5738 de
1360 5699 1414 5753 eoa
1437 5682 1519 5752 igitur
1534 5683 1560 5735 iii
1575 5676 1689 5751 epistota
1705 5682 1758 5742 itt
1779 5697 1807 5740 et
1821 5691 1883 5757 tat,

1092 5755 1139 5808 lib.
1156 5770 1163 5809 t
1183 5754 1361 5824 epistolarum
1385 5753 1524 5809 innocenti
1543 5750 1588 5809 ttl.
1599 5762 1602 5767 '
1615 5752 1636 5810 ll
1709 5768 1785 5816 etrus
1799 5767 1882 5816 etiam

1092 5834 1186 5882 narrat
1201 5826 1336 5883 dlettrsittt
1351 5827 1378 5883 in
1391 5823 1463 5881 ilt'it.
1480 5824 1597 5889 tinnitu.
1610 5826 1659 5873 lits
1731 5833 1781 5877 ¹otti
1799 5831 1882 5888 tlnctii
