4425 6450
251 352 307 409 ott
973 348 1161 406 El'lSTOLAE.

1829 356 1881 414 titt

251 482 318 524 mrm
339 466 391 536 piis
414 463 584 521 conformare
614 463 736 519 moribus
752 462 968 527 conviventium,
996 464 1044 518 scri
1060 468 1081 521 tt
1099 476 1236 532 uutrquam
1251 462 1290 518 sic
1308 470 1415 519 avertes
1436 463 1562 533 oculum,
1577 465 1644 535 quin
1665 481 1699 523 ex
1721 467 1883 539 integrale·

251 569 325 614 intus
341 556 455 612 scicntia
472 570 565 611 coram
584 556 650 619 beo,
666 556 688 609 si
713 565 801 625 potes,
818 553 885 611 alios
901 567 1043 625 transgre-
1092 566 1141 622 gas
1158 562 1253 607 totum.
1270 553 1394 610 Obsecro
1405 563 1497 610 autern
1517 564 1555 624 te,
1574 570 1635 612 cum
1651 557 1769 630 legeris,
1786 578 1820 615 ne
1837 578 1882 618 nte

249 653 317 703 dere
341 647 487 717 diligendo,
508 648 561 703 boc
586 652 674 704 solum
699 655 741 702 est
765 647 792 700 in
809 662 864 718 qno
887 648 1042 702 moderator
1092 644 1173 699 nimis
1203 644 1318 701 festinus
1351 647 1545 714 dartrnateris3
1578 649 1626 703 sed
1667 651 1745 720 prius
1787 656 1881 710 outuia

248 738 412 796 saeculorum
438 746 529 793 nostra
550 737 702 793 delectatur
725 738 954 802 immoderantia,
978 752 1040 792 euru

250 832 338 887 nostri
363 830 464 885 autoris
487 831 513 884 in
532 831 620 900 ipsunt
636 826 744 883 ad'ectio
760 828 820 883 sinc
845 829 926 884 modo
948 827 1040 882 luten-

249 925 326 979 ditnr
337 933 365 979 et
381 937 518 978 mensura.
539 920 598 989 lpse
614 929 709 974 auctor
723 918 847 974 omnium
863 920 953 975 onruia
976 934 1040 974 con·

250 1016 330 1082 didit,
345 1024 371 1069 et
383 1014 454 1083 qnod
473 1012 610 1067 creaturis
627 1010 775 1066 contulisse
787 1011 971 1078 cognoscitur,
989 1012 1039 1066 boc

249 1106 379 1181 requirit.
392 1106 467 1161 llabe
482 1104 598 1174 pondus,
611 1119 689 1160 serra
706 1116 865 1168 ntttnerutn,
884 1117 1039 1157 mensurant

250 1212 324 1270 tene,
340 1214 391 1256 nec
417 1197 499 1251 dividi
525 1196 628 1266 poteris
649 1194 683 1250 ab
701 1202 822 1250 auctore.
847 1192 967 1248 falsitas
985 1208 1037 1248 noa

257 1297 340 1351 babet
357 1292 479 1364 pondus;
496 1292 566 1343 rmdc
582 1288 670 1343 fertur
683 1297 710 1345 et
724 1288 814 1343 evolat
834 1287 861 1341 in
886 1286 1037 1342 interitum.

248 1383 360 1441 l‘ondus
378 1381 467 1438 nescit
491 1379 602 1443 lenitas,
626 1390 674 1433 cor
694 1393 746 1432 non
773 1378 838 1433 sinit
857 1390 918 1433 esse
938 1378 1039 1433 stabile
1057 1436 1063 1446 ,

229 1487 232 1492 ·
249 1490 337 1545 neque
354 1475 472 1528 ftrruum.
496 1469 645 1525 Numerum
662 1482 715 1523 non
730 1477 823 1523 servat
847 1468 1037 1541 singularitas,

248 1583 311 1620 cnm
335 1567 370 1621 sit
393 1579 523 1620 numerus
543 1562 670 1618 collectio
694 1562 841 1618 unitatum.
861 1561 914 1619 Ubi
941 1571 1038 1634 regnat

248 1660 406 1724 diversitas,
421 1674 476 1714 non
493 1666 535 1712 est
553 1655 689 1722 collectio,
702 1655 750 1711 sed
776 1655 873 1712 divisio
894 1656 1036 1712 unionum.

1091 734 1216 804 prospice
1230 735 1384 806 diligenter,
1403 747 1432 792 et
1453 745 1518 794 tunc
1535 739 1568 795 de
1592 739 1635 797 bis
1656 756 1717 811 qnae
1733 744 1882 813 repreben-

1090 824 1179 878 sibilia
1213 837 1297 893 stant,
1321 830 1500 898 opportunius
1523 828 1673 898 judicabis.
1710 831 1792 890 Certe
1816 850 1882 891 cum

1091 921 1195 973 amicus
1209 920 1264 984 sis,
1285 922 1365 977 amici
1381 922 1578 991 turpitudinem
1601 939 1655 979 uon
1673 926 1804 991 nudabis,
1831 928 1881 985 sed

1090 1018 1197 1079 satages
1210 1012 1348 1080 quomodo
1373 1012 1443 1080 apud
1471 1024 1496 1069 te
1527 1014 1563 1069 sit
1589 1015 1726 1070 occultum
1744 1017 1816 1087 qnod
1831 1033 1881 1087 pro

1089 1097 1156 1153 uitio
1182 1114 1232 1155 suo
1249 1100 1308 1157 fore
1329 1103 1430 1158 rideris
1444 1104 1647 1160 occultandum.
1663 1105 1721 1178 Ego
1736 1119 1829 1165 antem
1846 1123 1881 1166 ne

1090 1191 1310 1258 reprehensionis
1328 1194 1476 1249 formidine
1502 1196 1596 1252 ridear
1619 1199 1654 1253 ab
1676 1199 1805 1269 inemptis
1832 1201 1881 1256 de-

1089 1280 1206 1349 sistere,
1231 1285 1407 1342 nibilominus
1430 1302 1581 1358 prosequar
1594 1291 1667 1360 quod
1693 1293 1803 1361 iucoepi.
1829 1294 1878 1349 Cui

1089 1374 1199 1431 etelitns
1226 1378 1320 1432 datum
1349 1387 1389 1433 est
1408 1394 1457 1448 pro
1480 1397 1573 1437 amore
1586 1385 1770 1453 paupertatis,
1787 1386 1880 1442 mundi

1088 1483 1208 1523 amorem
1224 1480 1418 1536 contemnere,
1435 1482 1465 1529 et
1480 1476 1657 1532 continentiae
1679 1477 1800 1533 laborem
1817 1495 1880 1535 car·

1089 1557 1131 1612 uis
1144 1558 1274 1629 voluptati
1290 1575 1460 1630 praeponere,
1476 1574 1603 1634 satagere
1620 1567 1701 1623 debet
1714 1572 1880 1628 omnimodis

1088 1658 1118 1703 ιιι
1132 1666 1210 1705 usnrn
1226 1654 1355 1720 peccandi
1369 1653 1493 1711 eliminet
1508 1656 1590 1712 tiator
1607 1660 1665 1716 liei.

249 1751 358 1805 bodium
378 1750 485 1820 ignorat
504 1746 689 1818 superfluitas,
706 1762 734 1803 et
750 1746 818 1802 nibil
839 1745 873 1802 ab
889 1761 921 1803 ea
942 1748 1038 1802 admit·
1125 1739 1193 1807 Sed,
1209 1742 1283 1797 diret
1296 1742 1413 1811 aliquis,
1429 1749 1565 1815 quomodo
1587 1758 1675 1819 potest
1691 1752 1794 1810 babere
1815 1771 1881 1825 pec·

249 1845 318 1898 titur
333 1850 533 1898 mensuratum.
556 1838 717 1895 falsitatem
743 1840 845 1897 devitet
869 1850 963 1896 sancta
988 1857 1038 1896 no-
1088 1832 1169 1887 cassdi
1195 1837 1440 1902 ⁰⁰¹¹S¹¹²¹¹¹¹¹i¹¹⁰fllr
1460 1839 1508 1907 (lili
1531 1841 1590 1912 1³¹⁰
1614 1845 1742 1900 brundam
1767 1834 1900 1919 ιιεΙίιιιιῑι1

249 1937 332 1999 ritas,
351 1932 465 2003 nequid
484 1934 509 1987 in
526 1949 559 1988 ea
579 1933 734 1989 sanctitatis
755 1932 846 2002 specie
866 1930 1038 1987 simulatorie
1087 1936 1116 1981 et
1130 1929 1263 1982 carneml
1278 1926 1332 1985 Sed
1346 1942 1421 1985 certe
1444 1932 1490 2001 qui
1513 1948 1562 2003 per
1582 1936 1675 1990 mundi
1692 1947 1878 2009 contemptum

248 2027 384 2093 pallietur.
412 2025 634 2095 Singtrlaritatem
672 2034 827 2096 suspectam
855 2023 970 2087 babeat,
1003 2035 1038 2078 ne
1087 2027 1116 2075 et
1138 2020 1230 2076 carnis
1250 2021 1410 2092 despectum
1427 2025 1553 2081 carnales
1567 2025 1714 2084 illecebras
1730 2030 1879 2102 devitavit,

248 2119 336 2172 ‹tirisa
356 2118 391 2171 ab
407 2117 478 2185 aliis,
494 2131 548 2173 non
572 2133 633 2173 cnm
659 2117 721 2173 aliis
738 2125 909 2173 numeretur.
934 2114 1037 2170 lutem-
1087 2111 1152 2167 bnic
1165 2121 1259 2169 contra
1284 2114 1423 2185 spiritales
1440 2117 1577 2187 nequitias
1603 2129 1745 2176 certamen
1757 2121 1821 2193 inge
1836 2140 1881 2179 re·

248 2213 378 2280 perantiae
392 2208 607 2281 superfluitatem
621 2209 743 2283 effugiat,
757 2225 793 2266 ne
806 2210 973 2265 moderatori
986 2224 1036 2279 per

249 2300 486 2358 immoderantiam
515 2301 675 2356 reluctetur.
701 2299 840 2355 Subsistat
863 2298 891 2354 in
915 2298 1037 2368 pondere

248 2394 393 2465 gravitatis
412 2392 445 2446 ad
470 2393 656 2464 disciplinam,
676 2392 702 2446 in
719 2390 839 2461 pondere
854 2389 981 2445 veritatis
1002 2388 1037 2443 ad

245 2485 432 2557 justinianum
446 2485 566 2557 pondere
577 2482 738 2540 stabilitatis
749 2482 782 2535 ad
796 2480 1036 2551 perseverantiam,

249 2592 285 2633 ne
311 2595 326 2633 a
349 2578 488 2649 proposito
503 2591 552 2630 sno
566 2574 686 2640 decidat,
706 2587 741 2628 ne
758 2588 773 2627 a
788 2572 849 2628 loco
863 2587 943 2642 quem
957 2572 1037 2642 elegit

248 2673 394 2727 abscedat.
419 2670 518 2724 Beatus
542 2666 622 2737 plane
654 2680 735 2737 quem
763 2664 891 2735 ponderis
917 2664 1038 2734 gravitas

248 2762 339 2816 reddit
355 2760 495 2824 stabilem,
518 2760 591 2815 ratio
609 2757 712 2812 numeri
729 2755 869 2822 socialem,
885 2755 1037 2812 moderatio

247 2869 385 2909 mensurae
406 2850 549 2920 frugalem.
573 2850 706 2907 stabilem
729 2850 757 2905 in
781 2849 844 2916 frde,
864 2850 992 2906 socialem
1009 2850 1037 2906 in

248 2943 394 3007 charitate,
409 2941 540 3013 frugalem
556 2942 582 2997 in
604 2940 823 2996 conversatione.
837 2940 907 3007 Quid
922 2940 967 2997 bic
979 2941 1036 3011 jam

250 3035 342 3090 carnis
357 3036 501 3102 remansit,
521 3034 666 3121 quominus
681 3034 794 3103 spiritus
814 3031 927 3105 Spiritui
941 3042 1037 3091 sancto

1088 2209 1199 2265 mansit.
1213 2207 1302 2274 Quid,
1317 2209 1339 2263 si
1363 2209 1434 2267 forte
1450 2211 1594 2267 retinuerit
1621 2213 1647 2268 in
1669 2213 1782 2279 aflectu,
1806 2217 1881 2287 qnod

1086 2300 1184 2355 effectu
1202 2302 1329 2371 relinquit
1347 2310 1374 2356 et
1394 2304 1478 2358 actu?
1501 2303 1634 2373 anauti
1659 2305 1740 2361 bodie
1757 2306 1808 2362 sub
1833 2323 1879 2362 re·

1088 2390 1195 2462 ligionis
1206 2393 1298 2448 babitu
1319 2394 1424 2459 rivum,
1440 2396 1498 2465 qui,
1510 2396 1562 2451 etsi
1585 2396 1758 2468 specietenus
1777 2400 1880 2455 mundo

1089 2483 1130 2537 rel
1145 2484 1220 2537 carni
1233 2498 1285 2538 non
1303 2485 1437 2552 serviunt,
1454 2486 1481 2539 in
1497 2486 1579 2541 corde
1594 2498 1683 2543 tamen
1697 2490 1799 2544 reversi
1815 2499 1882 2545 snat

1089 2574 1116 2627 ln
1132 2572 1277 2646 AEgyptnm
1288 2617 1296 2643 ,
1309 2583 1334 2630 et
1348 2575 1455 2629 interna
1476 2578 1641 2647 cogitatione
1653 2580 1753 2648 relapsi
1769 2591 1833 2637 snut
1850 2583 1878 2637 iu

1087 2669 1247 2738 peccatum!
1279 2668 1404 2740 Speciem
1428 2669 1538 2740 quidem
1569 2671 1726 2728 sanctitatis
1752 2684 1814 2729 actu
1850 2686 1879 2731 et

1089 2759 1181 2814 babitu
1207 2758 1373 2831 praeferunt,
1395 2761 1548 2817 sanctitatis
1572 2772 1636 2818 roto
1659 2772 1686 2819 et
1708 2765 1879 2834 professione

1088 2850 1194 2905 addicti
1221 2860 1283 2906 sunt
1295 2852 1353 2918 ;sed
1366 2867 1465 2908 nomeu
1481 2851 1614 2908 babentes
1628 2855 1701 2922 qnod
1714 2854 1818 2920 niraut,
1836 2856 1880 2911 in-

1091 2949 1132 2994 tus
1144 2942 1243 2996 mortni
1259 2948 1341 3005 sunt;
1357 2941 1432 3011 qnia,
1455 2956 1516 2997 cum
1528 2941 1594 2997 foris
1605 2957 1738 3015 pauperes
1749 2954 1776 3001 et
1788 2948 1879 3002 conti·

1089 3040 1185 3086 nentes
1203 3040 1369 3101 appareant,
1391 3043 1482 3087 mente
1494 3041 1584 3088 tamen
1601 3036 1635 3090 ad
1658 3035 1774 3105 gloriam
1787 3046 1877 3094 trans·

250 3128 393 3183 intendere
410 3135 482 3182 totus
497 3128 600 3197 possiti
613 3126 747 3197 llincjam
761 3128 794 3181 ad
811 3127 954 3184 lectionem
967 3128 1034 3182 tanti
1050 3125 1072 3189 G
1089 3121 1175 3177 iloriae
1200 3122 1302 3189 fandis,
1319 3122 1361 3177 rel
1391 3124 1424 3179 ad
1441 3124 1556 3193 gradum
1573 3125 1720 3197 cujuslibet
1734 3129 1879 3201 dignitatis

251 3221 391 3293 magistri,
413 3222 438 3278 in
462 3221 640 3278 secretarium
665 3220 748 3276 animi
771 3220 804 3275 de
827 3221 910 3276 rariis
939 3221 1037 3276 animae

249 3313 358 3372 officiis.
375 3314 468 3370 (illicia
495 3316 602 3395 diversa
619 3314 801 3377 conveniunt,
821 3321 848 3368 et
867 3328 916 3382 pro
931 3313 1037 3369 deliciis

249 3404 383 3462 affluentis
407 3414 435 3461 et
460 3405 600 3462 influentis
623 3405 762 3476 sapientiae
791 3405 824 3458 de
850 3402 1038 3474 corporalibus

251 3498 370 3570 cogitare
391 3508 579 3555 contemnunt.
601 3494 669 3552 Natu
684 3497 734 3552 etsi
753 3498 823 3551 intra
840 3498 1036 3550 ntonasterinm

250 3592 284 3644 de
315 3590 486 3645 institutione
513 3589 675 3644 obedientiae
704 3589 862 3659 corporales
894 3589 1037 3642 abundant

251 3681 441 3744 observantiae,
457 3681 634 3737 nibilominus
652 3690 694 3736 cst
713 3695 808 3735 eornm
828 3680 970 3737 translatio
983 3683 1040 3752 spi·

252 3772 378 3839 ritualis,
406 3782 542 3842 qnatenus
567 3773 674 3843 agentis
705 3773 822 3826 intentio
845 3772 882 3827 sit
907 3772 1038 3829 coelestis.

253 3862 331 3918 Sicut
352 3863 424 3918 enim
450 3863 572 3918 coelestia
600 3872 708 3916 terrena
725 3860 875 3916 intentione
899 3871 1037 3919 transacta

251 3954 412 4024 plerumque
427 3954 572 4024 agentibus
589 3951 710 4008 earnalia
730 3950 808 4014 sstrnt,
824 3951 864 4007 sic
877 3959 905 4006 et
918 3953 1038 4008 carnalia

250 4047 388 4117 spirituali
404 4047 555 4103 intentione
569 4053 706 4100 transacta
722 4045 765 4100 bis
784 4042 940 4099 efficiuntur
958 4045 1040 4112 spiri-

252 4137 336 4192 tnafia
358 4136 404 4206 qni
420 4136 478 4191 brec
494 4146 588 4207 agunt.
613 4134 651 4189 bc
672 4144 772 4190 caetero
792 4135 843 4189 sibi
863 4142 978 4189 careant
992 4133 1038 4202 qui

1088 3213 1220 3283 aspirant.
1234 3212 1301 3270 Cum
1317 3214 1389 3270 enim
1405 3231 1454 3284 per
1467 3215 1511 3270 illa
1538 3216 1592 3274 duo
1615 3219 1812 3289 praenominata
1827 3237 1875 3275 sn·

1088 3305 1191 3375 peries,
1203 3303 1308 3360 seilicet
1317 3305 1410 3360 murtdi
1422 3316 1618 3376 contemptum,
1628 3311 1754 3366 etcaruis
1766 3312 1879 3382 despec-

1089 3404 1162 3460 tum,
1185 3395 1297 3466 spiritus
1313 3395 1470 3452 immundus
1495 3398 1529 3454 ab
1554 3398 1664 3456 bomine
1678 3401 1793 3469 exierit,
1815 3419 1878 3459 cum

1088 3504 1138 3559 per
1147 3490 1204 3543 loca
1219 3488 1296 3543 arida
1309 3496 1336 3544 et
1348 3488 1490 3559 inaquosa,
1503 3490 1609 3548 scilicet
1623 3493 1708 3550 corda
1717 3504 1878 3551 sanctornm

1089 3578 1258 3648 spiritualia,
1273 3578 1396 3650 requiem
1420 3580 1474 3636 sibi
1500 3596 1554 3636 non
1580 3581 1684 3637 invenit
1698 3621 1706 3647 ,
1722 3583 1756 3638 ad
1778 3584 1879 3654 prioris

1089 3671 1186 3727 domus
1200 3671 1384 3729 babitaculum
1405 3687 1512 3743 semper
1537 3674 1626 3729 redire
1648 3674 1781 3745 intendit,
1794 3686 1823 3732 et
1839 3677 1881 3733 di·

1088 3763 1128 3818 cit
1145 3780 1153 3817 t
1169 3761 1294 3818 Revertor
1310 3764 1345 3817 od
1370 3764 1477 3818 dentum
1500 3780 1586 3820 meum
1610 3767 1679 3820 ende
1704 3769 1774 3822 exiti
1798 3768 1878 3840 (buc.

1088 3855 1139 3925 ιι).
1155 3853 1223 3910 Cum
1242 3856 1334 3926 itaque
1360 3856 1458 3911 viderit
1482 3856 1593 3912 domum
1618 3858 1692 3913 illam
1717 3863 1878 3918 mundatam

1089 3945 1198 4016 quidem
1227 3960 1242 3999 a
1271 3947 1393 4016 pristinis
1419 3948 1565 4015 sordibus,
1594 3959 1718 4005 ornatam
1746 3952 1880 4023 religiosis

1091 4036 1303 4098 traditionibus,
1319 4045 1460 4090 vacantem
1477 4052 1545 4093 uero
1567 4053 1582 4092 a
1605 4039 1793 4108 spiritualibus
1807 4043 1880 4099 desi-

1090 4131 1188 4199 deriis,
1203 4141 1231 4186 et
1245 4131 1459 4200 cogitationibus
1475 4131 1572 4188 otiosis
1586 4134 1737 4199 intentam,
1761 4127 1827 4191 tuuc
1843 4139 1879 4192 ad

251 4227 481 4299 spiritualesesse
507 4227 687 4291 ceruendum,
709 4241 742 4281 ne
765 4226 846 4281 seris
869 4224 988 4281 Satanas
1010 4226 1038 4279 in
1090 4224 1162 4279 ittam
1188 4223 1353 4279 cumulatior
1379 4225 1470 4290 redit,
1493 4232 1520 4281 et
1539 4225 1667 4296 deinceps
1694 4229 1746 4284 sibi
1771 4232 1880 4287 cautius

252 4319 379 4390 angelum
396 4320 463 4374 loeis
485 4307 671 4388 transigeret,
687 4331 721 4373 ue
737 4319 770 4373 de
791 4323 924 4384 praetextu
941 4314 1039 4370 salutis
1089 4313 1161 4369 franc
1176 4314 1307 4372 defendit.
1322 4316 1443 4371 Assurrtit
1457 4316 1542 4381 euim,
1558 4326 1588 4372 ot
1604 4327 1720 4375 testatur
1732 4321 1879 4389 Dontinus,

252 4413 391 4484 negotium
415 4412 579 4484 perditionis
609 4412 763 4465 obumbret.
788 4408 972 4470 Prouideant,
996 4407 1039 4461 in·
1091 4417 1193 4475 septem
1211 4406 1281 4462 alios
1297 4408 1407 4477 spiritns
1434 4425 1527 4464 secum
1552 4412 1698 4481 nequiores
1713 4429 1759 4480 se,
1784 4426 1813 4471 et
1839 4418 1881 4472 in-

253 4522 346 4578 quam.
363 4507 426 4573 sibi,
439 4523 473 4563 ne
488 4506 560 4560 sicut
576 4505 602 4558 iu
619 4514 741 4573 tempore
757 4501 903 4557 vetustatis
919 4515 975 4555 snae
990 4499 1041 4554 ba·
1057 4467 1178 4566 Dgressi
1200 4497 1323 4553 babitaut
1336 4498 1383 4554 ibi.
1398 4498 1474 4554 Tune
1499 4500 1568 4554 tium
1590 4504 1737 4564 novissima
1759 4507 1881 4564 bominis

252 4601 370 4657 buerunt
385 4615 463 4654 usum
489 4596 630 4668 peccandi,
652 4595 687 4648 ita
706 4595 732 4649 in
758 4604 882 4664 tempore
908 4590 1038 4648 novitatis
1092 4589 1164 4645 illius
1178 4589 1269 4660 pejora
1296 4591 1434 4661 prioribus
1456 4610 1463 4647 ι
1489 4593 1634 4665 quia‚qui
1655 4605 1719 4650 arete
1742 4598 1881 4668 religionis

254 4692 451 4760 circumspecto
465 4695 577 4745 careant
597 4689 694 4741 timore
720 4687 834 4757 peccati,
859 4686 921 4755 qnia
944 4692 1039 4738 contra
1092 4681 1214 4736 babitnm
1236 4691 1263 4738 et
1277 4694 1369 4736 votnm
1394 4684 1541 4753 apparebat
1563 4684 1713 4754 quoderat
1736 4690 1882 4747 manifeste

254 4775 383 4853 peccandi
399 4796 478 4836 usum
493 4779 603 4835 solliciti
619 4778 738 4831 babeant
754 4777 863 4831 timoris
888 4774 1038 4831 reuredium
1092 4773 1196 4842 malus,
1215 4774 1343 4845 deinceps
1369 4774 1485 4829 intendit
1509 4777 1581 4844 quod
1604 4791 1739 4833 essenon
1764 4783 1881 4850 satagit,

254 4883 446 4943 opportunum.
464 4871 499 4928 Ut
514 4872 586 4928 enim
599 4868 770 4924 consuetudo
790 4867 919 4936 peccandi
937 4864 971 4921 de
997 4865 1039 4920 iu·
1093 4865 1217 4922 ridelicct
1239 4868 1293 4922 dici
1308 4876 1431 4922 sanctus.
1448 4866 1567 4936 0quant
1589 4868 1690 4925 infelici
1711 4875 1881 4929 commercio

255 4965 354 5021 solenti
378 4963 526 5021 securitate
549 4964 680 5025 nascitur,
704 4960 740 5015 ita
760 4967 789 5013 et
814 4967 922 5014 assueto
942 4957 1042 5012 timore
1092 4958 1138 5025 qui
1154 4957 1282 5013 nruudum
1298 4974 1359 5013 curn
1373 4959 1512 5014 itttrrnmdo
1532 4957 1591 5029 ejus
1609 4962 1759 5031 priucipea
1776 4963 1881 5034 Spiritu

255 5059 410 5131 repellitnr;
426 5058 500 5130 quia,
517 5056 586 5113 sicrn
601 5063 641 5110 ost
657 5053 790 5109 securitas
805 5051 911 5106 initium
929 5050 1042 5107 malitiae
1092 5057 1188 5103 sancto
1199 5050 1349 5119 expulerat,
1363 5050 1544 5121 spiritumque
1559 5068 1638 5109 suum
1657 5053 1777 5125 Spiritus
1791 5059 1881 5115 seneli

254 5161 285 5208 et
316 5164 498 5222 progressus,
531 5148 568 5202 ita
605 5145 687 5200 timor
723 5144 829 5199 flondni
859 5152 902 5197 est
932 5143 1041 5198 initium
1094 5141 1249 5212 magisterio
1273 5142 1362 5196 votira
1390 5145 1554 5201 necessitate
1578 5147 1756 5214 subdiderat,
1779 5150 1879 5205 iterum

254 5245 398 5315 sapientiae
420 5254 450 5301 et
471 5252 624 5314 provectus.
647 5238 698 5294 llic
718 5238 794 5309 jaret,
820 5239 883 5307 quia
910 5237 984 5308 loqui
1008 5239 1043 5294 de
1093 5230 1214 5303 expellit,
1229 5241 1256 5288 et
1271 5230 1370 5303 effugat
1387 5248 1401 5288 a
1419 5247 1448 5289 se
1463 5231 1581 5304 Spiritus
1602 5239 1689 5293 sancti
1705 5239 1838 5306 gratiam.
1853 5248 1882 5296 et

257 5337 338 5392 tertio
353 5335 572 5392 convertentium
597 5331 683 5403 gradu
701 5329 889 5400 aggredimur,
911 5337 1044 5398 opportu·
1094 5323 1220 5392 spiritum
1232 5339 1309 5379 annm
1328 5325 1465 5381 immundo
1477 5329 1642 5398 remancipat
1655 5331 1824 5400 possessori!
1841 5333 1880 5387 lis

256 5445 321 5484 „um
336 5438 388 5493 esp,
402 5438 431 5483 „g
447 5433 557 5497 recepto
576 5423 717 5496 paulutum
735 5422 851 5494 spiriru,
873 5421 907 5477 aa
929 5436 1043 5477 exsequ.
1095 5415 1881 5489 bocbgporritapersequituretetlugatSpiritnmunctum,

257 5522 360 5578 tionem
374 5520 544 5594 sequentium
560 5530 727 5587 reparemur.
1008 5507 1010 5511 ’
1095 5509 1165 5563 sicut
1180 5518 1209 5562 et
1230 5507 1349 5577 Spiritus
1371 5520 1483 5565 sattctos
1501 5509 1652 5578 disciplinae
1663 5509 1756 5581 effugit
1773 5511 1881 5567 fuctum.

237 5634 238 5637 ¹
293 5611 508 5681 quaretumlibet,
522 5609 716 5675 dilectissime,
742 5609 777 5664 ab
798 5609 852 5664 boc
868 5618 952 5676 opcrc
977 5619 1045 5662 mere
1095 5601 1177 5656 Plane
1188 5601 1306 5670 Spiritus
1320 5614 1430 5658 sanctus
1443 5616 1495 5656 non
1510 5602 1656 5674 effugeret,
1672 5605 1723 5660 uisi
1737 5619 1883 5676 perseque

259 5705 402 5771 parcitatis
438 5703 598 5770 dissentias,
629 5703 701 5774 qnod
729 5701 800 5758 forte
835 5700 951 5755 dlrcrim
990 5699 1043 5756 alia
1096 5703 1253 5749 returenm
1281 5693 1381 5762 aliquis
1402 5701 1431 5748 et
1453 5694 1568 5765 fugaret.
1593 5693 1770 5766 Persequitur
1790 5707 1882 5754 aetem

259 5807 288 5854 et
314 5797 393 5854 aliter
419 5809 499 5863 qttam
534 5796 689 5864 sperabas,
719 5806 807 5850 tamen
841 5795 913 5849 sient
943 5807 1043 5864 spero,
1096 5788 1186 5858 ipsum
1204 5794 1231 5840 et
1244 5785 1419 5856 effugat,qui
1432 5801 1494 5842 euru
1507 5786 1616 5856 pietatis
1628 5790 1716 5857 gratia
1734 5790 1884 5849 intentione

401 5893 537 5951 Parnon.
561 5890 665 5953 text.
1625 5882 1666 5943 20
