4425 6450
271 410 307 464 sl
668 404 862 464 seluto-hus.
883 437 917 449 -
940 412 1043 466 stult.
1065 413 1097 467 i.
1119 409 1151 464 tt
1171 405 1335 463 tutuhtu
1356 403 1473 460 ttttlttttt
1870 409 1904 465 58

272 526 330 581 lent
345 526 436 598 typice
459 527 587 597 tignrare,
608 526 679 582 alter
701 543 795 584 eurum
814 528 913 583 latiensi
940 529 1062 599 ingressu
1078 533 1101 588 ll
1116 528 1177 581 rlinc
1201 526 1314 581 semitas
1326 526 1373 580 ilci
1389 525 1486 589 nostrl,
1502 532 1529 577 ct
1549 535 1689 580 currentes
1703 523 1774 580 riam
1793 530 1907 583 manda-

271 618 400 672 arborem
413 619 560 676 habentem
574 635 678 674 ramum
691 635 802 675 aureum
817 620 979 689 descripsit:
995 620 1064 673 alter

271 724 340 764 aero
364 720 488 766 catenam
511 726 621 766 auream
645 712 678 767 de
700 712 771 769 coelo
798 713 825 767 in
853 722 939 767 terras
965 712 1065 778 depen-

274 802 386 856 dentem
399 802 558 857 somniarit.
573 801 643 871 Quid
662 802 749 870 aliud,
771 818 880 869 onaan,
893 817 941 872 per
956 815 1063 855 ramum

274 891 354 945 illmn
372 907 501 958 aureum,
515 910 596 964 qnam
617 895 711 951 mundi
729 895 809 965 liujus
832 896 914 951 decor
935 903 963 949 et
977 893 1062 965 gloria

272 982 468 1051 significatur?
483 996 585 1053 qrtaeet
606 987 633 1040 in
656 986 771 1041 introitu
793 987 892 1041 interni
918 988 978 1041 idco
1002 999 1063 1042 esse

271 1073 469 1141 dictiuncula
495 1091 543 1145 per
564 1092 684 1131 ιιιιιοιοιιι
706 1076 784 1144 hujus
798 1078 890 1132 rnundi
906 1075 965 1144 ejus
985 1090 1062 1131 ama·

272 1173 350 1219 toros
374 1166 409 1220 ad
442 1164 578 1222 inicruum
606 1169 839 1223 transrnlttuntur.
865 1167 973 1223 'timeat
1000 1181 1063 1237 crgo

263 1271 358 1311 ‘omne
378 1244 473 1313 semen
487 1257 571 1313 lsrael
591 1260 661 1313 hanc
676 1260 802 1317 arborem
814 1260 985 1329 contingere,
1000 1260 1064 1329 rprria

272 1345 366 1402 tacitis
379 1348 529 1404 descensus
539 1350 651 1405 Auenti.
664 1350 717 1406 Sed
731 1367 861 1408 revocare
872 1352 998 1424 gradum,
1015 1366 1064 1405 su·

272 1451 411 1508 pecusque
422 1439 538 1494 eradere
556 1440 592 1495 ad
605 1457 698 1506 auras,
714 1442 758 1497 hic
773 1442 861 1510 labor,
875 1442 920 1498 hic
935 1442 1063 1513 gemitus.

275 1524 372 1582 Sedet
386 1527 455 1583 alter
470 1544 518 1600 per
536 1541 660 1593 catenant
683 1547 793 1588 auream
806 1534 890 1588 vitam
905 1528 1063 1589 sanctoruni

274 1616 364 1669 coluit
379 1618 547 1687 significare,
563 1633 623 1687 ιιοιι
638 1619 759 1673 interris
780 1621 928 1675 constituta
946 1621 1066 1675 coelesti·

274 1711 328 1765 bus
345 1716 451 1763 tanturn
462 1709 588 1780 jungitur
600 1719 694 1764 sarrcta
716 1709 904 1777 meditatione,
919 1714 963 1782 pia
980 1714 1061 1769 deso-

275 1801 360 1863 tione,
376 1800 448 1854 sicut
462 1799 529 1855 dicit
545 1800 691 1869 Apostolus
706 1818 714 1855 a
730 1800 828 1857 Nostra
848 1812 939 1858 antem
952 1820 1064 1860 corrner-

1115 626 1204 670 torum
1217 615 1287 684 ejus,
1300 617 1326 670 in
1341 616 1550 670 mansuetudine
1561 614 1720 686 disciplina),
1734 628 1762 674 et
1772 620 1905 691 obsequio

1115 706 1276 761 obedientiae
1289 708 1316 760 in
1332 706 1469 761 anteriora
1489 719 1598 774 semper
1612 709 1800 775 extendamus,
1816 710 1906 780 ingre·

1114 798 1221 854 dientes
1243 800 1278 854 de
1305 801 1405 854 virtute
1431 800 1457 854 in
1483 800 1610 853 virtutem
1636 816 1789 856 mereamur
1812 802 1906 858 ridere

1114 889 1199 943 licum
1214 890 1329 944 Deorum
1347 891 1372 944 in
1398 890 1463 944 Sion
1481 889 1568 959 (Pani.
1583 892 1712 959 txrxrtr).
1740 890 1797 947 Non
1818 893 1906 948 simus

1114 981 1139 1034 ei
1156 980 1254 1050 ingrati
1268 981 1314 1049 qul
1332 980 1459 1034 lthcractt
1471 980 1505 1033 de
1517 979 1647 1050 AEgypto,
1661 984 1713 1036 hoc
1726 992 1778 1047 est,
1792 984 1824 1038 dc
1838 1000 1907 1053 prae·

1114 1069 1184 1123 senti
1207 1069 1308 1129 seculu,
1326 1078 1467 1124 teneamus
1490 1066 1576 1137 tegern
1601 1085 1681 1139 qrram
1707 1085 1755 1124 nos
1771 1071 1863 1127 docuit
1879 1077 1906 1129 in

1114 1138 1235 1223 desert'u,
1258 1159 1284 1212 id
1309 1170 1351 1213 cst
1367 1159 1394 1212 in
1419 1160 1471 1213 hoc
1496 1158 1618 1214 terrestri
1641 1160 1779 1230 paradiso,
1800 1163 1907 1219 scilicet

1115 1251 1292 1303 monastcrio.
1311 1248 1475 1303 venerentur
1487 1250 1633 1303 adtentum
1651 1262 1752 1307 nostra
1771 1252 1906 1309 visitatio·

1114 1340 1168 1405 nis,
1182 1340 1227 1395 ubi
1248 1340 1274 1394 in
1291 1355 1320 1395 se
1335 1340 1448 1409 suscipit
1465 1351 1558 1395 nostra
1575 1341 1694 1405 inhrma,
1709 1344 1761 1398 hoc
1773 1354 1826 1411 est,
1841 1360 1907 1400 con-

1114 1433 1219 1489 solatur
1231 1447 1282 1487 tros
1293 1434 1319 1488 in
1334 1433 1408 1487 ontni
1425 1434 1602 1489 tribulatione
1616 1443 1643 1488 et
1658 1436 1783 1504 angustia
1797 1445 1903 1506 nostra,

1115 1535 1145 1578 nt
1167 1524 1241 1578 illum
1265 1526 1389 1579 ultimum
1408 1527 1554 1580 adrentum
1576 1526 1784 1582 eaarrrinat'onis
1810 1543 1908 1584 secure

1115 1616 1252 1684 possimus
1263 1626 1421 1687 expectare,
1434 1618 1542 1686 quando
1557 1617 1629 1672 itlius
1642 1616 1759 1671 hominis
1777 1618 1866 1672 reniet
1878 1617 1905 1675 in

1116 1706 1215 1761 tirtute
1235 1722 1331 1776 magna
1348 1716 1374 1760 et
1392 1707 1533 1776 majestate
1547 1706 1656 1776 (ltctdr.
1670 1708 1740 1769 aral.
1763 1707 1839 1773 erud
1858 1721 1908 1762 no·

1115 1797 1158 1851 his
1174 1810 1303 1866 praestare
1318 1797 1444 1867 dignetur
1460 1798 1530 1852 idem
1548 1797 1632 1865 judex
1648 1808 1741 1853 noster
1756 1807 1865 1853 creator
1878 1806 1908 1855 ct

272 1892 347 1947 satio
363 1892 389 1946 in
402 1891 478 1948 coelis
490 1902 532 1948 est
546 1892 675 1961 (Philipp.
692 1895 746 1963 nr),
761 1895 794 1949 Et
807 1895 830 1949 st
849 1896 921 1949 onim
935 1898 985 1951 virt
1001 1898 1065 1952 ιρι).
1080 1872 1100 1926 Β
1117 1890 1274 1956 redemptor
1291 1896 1384 1941 noster
1401 1885 1481 1943 lesus
1495 1887 1631 1956 Christus,
1651 1889 1728 1958 cnjus
1749 1903 1861 1958 regnum
1878 1897 1908 1945 et

271 1984 345 2053 giosi
363 1985 389 2038 in
408 1995 480 2039 terra
496 1985 552 2039 sint
571 1987 667 2056 positi,
683 1989 813 2042 virtutum
830 1999 919 2042 tarncn
933 1990 1063 2057 gradihus
1115 1979 1258 2050 imperium
1274 1989 1415 2049 pertnanct
1431 1978 1458 2031 in
1473 1979 1562 2034 secula
1579 1980 1747 2034 soculorum.
1763 1981 1859 2035 hmcn.

274 2083 304 2126 et
329 2073 410 2128 bonis
433 2076 563 2144 operibus
591 2076 669 2147 quasi
690 2092 740 2147 per
769 2082 893 2132 catenam
913 2090 975 2134 sunt
996 2095 1062 2135 con·
1426 2068 1543 2123 Sffliiio
1563 2069 1593 2122 V·

273 2163 352 2217 traxi.
1363 2178 1389 2216 m
1409 2177 1532 2217 ιοιίιτιι
1552 2175 1655 2216 corrmt.

305 2252 412 2321 Quodsi
422 2270 498 2310 amor
509 2255 660 2313 litterarum
671 2268 696 2314 te
705 2260 1063 2332 tentpcepit‚ttlugpftmpm
1151 2250 1314 2306 Descettdrre
1338 2252 1434 2320 iccium
1450 2251 1485 2304 od
1507 2268 1550 2305 cos
1572 2252 1679 2305 ianiarent
1701 2252 1860 2305 rrtntrttr'nant
1881 2264 1907 2308 et

274 2344 1066 2423 r·ecolc,qnoniamindoctiplernmnrecoelumrapiunt,et
1115 2344 1269 2408 “wlfuidis
1290 2354 1315 2397 θ’
1333 2344 1441 2398 reddidit
1463 2343 1533 2397 ”tiit
1552 2359 1715 2408 ⁰t11102t¹t⁰³
1736 2346 1846 2399 conudtt
1867 2345 1908 2397 ¹⁰·

273 2435 327 2491 riri
345 2437 425 2506 periri
440 2453 502 2491 cum
517 2438 669 2494 litterarum
680 2442 776 2496 notitia
800 2444 938 2500 multoties
958 2446 990 2499 ad
1003 2462 1066 2516 pro·
1116 2444 1191 2489 ‘illiti
1204 2445 1228 2489 ti
1244 2436 1349 2499 britti·
1366 2436 1468 2505 rubigo,
1488 2445 1512 2490 τί
1535 2451 1613 2489 eruco
1635 2433 1705 2506 (¹⁰⁶1
1721 2436 1761 2505 n).
1789 2437 1907 2492 terbum

273 2525 391 2580 tundam
402 2524 499 2580 inferni
512 2528 690 2583 descendunt.
704 2529 757 2585 Sed
773 2531 829 2600 lpse
841 2533 885 2601 qui
901 2534 927 2587 tn
940 2545 965 2589 te
979 2536 1066 2605 toqui.
1116 2525 1189 2594 quod
1201 2526 1328 2593 audistis,
1341 2526 1441 2582 iratres
1454 2525 1635 2590 dilectissimi,
1652 2525 1816 2592 promissum
1832 2535 1908 2580 tenet

274 2617 469 2679 tur,atescire
481 2618 628 2682 desiderat,
639 2636 671 2671 an
685 2620 710 2673 in
721 2620 826 2674 hoctun
839 2622 975 2678 desider-io
985 2627 1065 2679 tinem
1118 2626 1219 2671 nostra
1234 2618 1402 2674 liberationis
1418 2628 1445 2673 et
1462 2617 1588 2672 allectum
1602 2625 1724 2684 littetttae
1742 2616 1908 2672 consolatio-

273 2703 429 2759 coostituas
442 2706 581 2772 vanitatis,
601 2721 634 2760 an
648 2708 828 2776 cognitionem
848 2711 991 2766 veritaris?
1013 2712 1066 2769 Sed
1119 2708 1172 2772 llis,
1189 2719 1282 2777 utpote
1300 2709 1489 2763 transmissum
1511 2711 1589 2766 ¹¹0th
1607 2727 1622 2765 tt
1643 2711 1697 2766 1)ιο
1710 2720 1787 2780 ttttt'c
1801 2716 1903 2781 orpha·

274 2794 376 2864 quidsi
391 2798 538 2851 castitatem
556 2797 603 2852 tihi
619 2800 698 2854 tinent
711 2801 800 2868 porris,
813 2816 890 2857 erras
900 2814 928 2859 et
942 2815 968 2859 te
980 2805 1067 2875 ipsum
1119 2813 1226 2863 dotum.
1244 2811 1271 2854 ct
1282 2799 1374 2869 iudice
1387 2799 1542 2854 titillarunt·

274 2886 390 2978 ιιοιίιιίεΞ
403 2904 465 2943 cum
482 2889 727 2961 illisdeputandus,
743 2895 863 2963 quicum
878 2898 1067 2966 cognovissent
1153 2887 1235 2944 Patcr
1254 2890 1355 2944 etenim
1372 2890 1622 2946 misericordiarum
1640 2908 1741 2948 annum
1758 2894 1910 2964 benignita·

275 2982 375 3047 Deum,
387 2997 442 3036 uon
454 2982 525 3035 sicut
536 2983 618 3036 beorn
631 2983 866 3053 glorificaverunt,
878 2997 905 3041 et
918 2989 979 3043 ideo
990 2989 1066 3045 sulti
1119 2978 1164 3043 tis,
1177 2979 1247 3033 diem
1260 2979 1439 3045 remissionis,
1452 2988 1557 3049 ternpus
1569 2981 1712 3035 nrisercndi
1726 2984 1907 3047 arrnrmcians,

275 3071 343 3127 tacti
360 3082 423 3127 sunt
434 3083 461 3126 ct
473 3070 631 3129 deiecerunt
644 3074 670 3129 in
684 3072 852 3133 vanitatibus
865 3080 923 3135 suls
934 3079 1020 3149 (Rom,
1032 3082 1064 3152 ι),
1118 3069 1232 3126 imbrem
1248 3071 1414 3125 matutinum
1426 3080 1453 3126 et
1467 3073 1616 3127 serotinum
1630 3075 1765 3144 prontittit
1780 3074 1806 3128 in
1821 3075 1905 3128 abnn-

275 3165 306 3219 Si
322 3173 412 3219 autem
427 3178 475 3234 per
491 3164 633 3219 seientiam
648 3166 789 3223 veritatem
806 3168 969 3241 investigare
983 3186 1067 3228 cotta.
1119 3160 1225 3227 dantia,
1243 3171 1273 3214 ut
1294 3161 1320 3215 in
1345 3160 1492 3216 stillicidiis
1511 3161 1570 3231 cius
1592 3163 1749 3218 toecrrnrlata
1770 3164 1910 3234 aperiatur

276 3256 329 3323 ris,
346 3256 373 3310 in
392 3255 441 3311 hcc
457 3258 539 3310 etiam
555 3271 632 3311 erras
657 3266 684 3312 et
698 3259 813 3329 teipsum
830 3259 943 3330 decipis,
963 3271 1065 3318 etcum
1120 3265 1193 3308 terra
1207 3268 1234 3309 ct
1249 3255 1382 3325 gcrrninct
1406 3255 1580 3311 saltatorem.
1607 3256 1787 3320 Descendcre,
1811 3257 1907 3327 inquit,

274 3344 366 3401 Pilato
381 3359 507 3415 quaerens
521 3346 584 3416 quid
604 3357 646 3402 est
667 3348 767 3402 veritas
789 3346 1068 3422 (Jcau.1t'ttt),ipse
1118 3344 1216 3400 iactam
1237 3347 1271 3401 ad
1291 3362 1338 3401 ros
1360 3348 1472 3403 imbrem
1497 3349 1660 3402 matutinum
1684 3358 1711 3402 et
1734 3351 1908 3404 serotinumr

277 3449 371 3491 tarncn
395 3437 537 3492 ceritatem
562 3435 777 3505 deprehendisti.
803 3437 870 3508 Ego,
890 3438 989 3509 inquit,
1007 3457 1067 3498 sna
1118 3436 1233 3493 imbrem
1249 3437 1371 3510 intellige
1384 3440 1616 3509 noncorporalcnr
1634 3442 1681 3496 scd
1702 3440 1862 3511 spiritalem,
1875 3441 1911 3496 de

277 3526 463 3592 maturitas,
482 3537 511 3581 et
533 3527 602 3593 cita3
623 3526 666 3582 nia
681 3527 709 3583 in
729 3527 840 3593 ditione,
856 3531 958 3587 ceritas
977 3534 1003 3588 in
1022 3549 1069 3591 co·
1119 3544 1173 3596 utto
1198 3528 1332 3600 Ptttttbcta
1355 3549 1362 3584 ι
1389 3531 1538 3586 Descendct
1557 3531 1627 3586 sicut
1654 3533 1744 3602 prlnria
1770 3535 1797 3587 in
1822 3532 1911 3589 collus

277 3618 480 3690 gardonenca
495 3620 522 3673 in
537 3619 675 3676 fruitione.
690 3618 738 3676 tta
754 3621 903 3691 inmerito,
920 3625 1022 3682 veritas
1040 3626 1066 3683 ln
1119 3620 1207 3690 (Prot.
1226 3623 1312 3692 ιιιι).
1336 3622 1370 3676 Et
1393 3622 1476 3678 lsatas
1491 3637 1499 3676 τ
1515 3623 1590 3678 Sicut
1615 3623 1701 3680 ittcbcr
1717 3624 1860 3679 descendit
1876 3625 1911 3679 dc

276 3711 426 3780 promisso,
442 3711 496 3764 rita
519 3711 546 3764 in
570 3711 692 3780 praemio.
717 3711 784 3782 Ego,
808 3713 906 3785 inquit,
931 3731 989 3771 sum
1012 3717 1066 3783 ria,
1118 3710 1228 3766 coelcet
1242 3712 1358 3767 inebriat
1381 3722 1491 3780 terram,
1513 3723 1540 3771 ct
1564 3715 1683 3769 intmnlit
1704 3730 1775 3782 earn,
1796 3717 1835 3770 sic
1858 3717 1912 3770 erit

279 3801 396 3867 ceritas,
410 3809 436 3855 et
452 3801 519 3859 rita.
534 3802 569 3856 Et
582 3801 719 3872 Propheta
733 3821 740 3857 z
756 3803 856 3860 Beatus
870 3820 950 3875 quern
966 3815 992 3861 tn
1006 3822 1068 3861 ern·
1119 3803 1233 3856 terbum
1256 3805 1328 3871 quod
1341 3805 1480 3874 egredictur
1501 3807 1534 3860 de
1555 3820 1604 3860 ore
1619 3822 1678 3860 nren
1692 3805 1761 3875 (tro.
1778 3808 1833 3874 ιιι).
1857 3806 1913 3859 Ιοι·

278 3891 376 3957 dictis,
395 3891 516 3958 Doutine,
531 3893 604 3946 etde
624 3892 682 3963 lege
698 3901 742 3946 tua
759 3896 886 3950 docueris
899 3910 959 3948 eum
974 3895 1066 3964 (donn.
1118 3891 1196 3944 brem
1216 3891 1332 3946 Verbum
1354 3893 1414 3958 Dei,
1436 3894 1533 3947 Filium
1555 3893 1673 3962 Virginis
1691 3895 1847 3962 sign'iicate
1865 3910 1913 3948 ιο·

277 3982 346 4053 ιιι).
362 3981 422 4051 lpse
433 3983 505 4037 etaim
517 3981 617 4052 qttippe
630 3991 671 4037 est
683 3983 728 4052 οι)
741 3982 820 4037 docet
832 3982 969 4038 hominem
981 3984 1068 4038 scien·
1121 3978 1180 4042 luit,
1197 3979 1243 4047 qui
1268 3979 1355 4032 instar
1376 3979 1475 4047 plutio
1498 3981 1662 4036 criminosos
1683 3983 1767 4049 lacat,
1790 3985 1912 4043 novellas

280 4077 344 4129 tiam
367 4073 456 4145 (ΡΜ),
476 4073 563 4145 ηιμ)ν
588 4090 640 4128 ῃοῃ
664 4088 712 4144 pgr
737 4074 846 4131 inanem
870 4074 1069 4146 philosophiam
1119 4066 1342 4137 pietatatittnesitt
1356 4068 1437 4123 domo
1451 4068 1497 4124 Del
1517 4072 1624 4136 edurat,
1640 4072 1911 4142 Siiielllelijiiiiillss

279 4174 327 4219 ant
348 4167 376 4219 in
393 4164 480 4219 doctis
493 4165 618 4219 humanae
631 4165 772 4234 sapientiae
787 4165 887 4229 serbis,
909 4166 996 4220 sedin
1011 4165 1067 4235 spi·
1120 4159 1207 4229 (titos
1226 4158 1361 4228 periectos
1373 4159 1481 4232 loquor)
1496 4170 1581 4232 potat.
1594 4162 1678 4220 Lavat
1692 4165 1775 4237 igitur
1789 4168 1816 4221 in
1832 4183 1912 4224 com·

279 4255 336 4309 ritu
352 4254 398 4309 Ilei
414 4252 438 4326 (t
454 4252 516 4308 Cor.
533 4256 563 4323 r),
584 4253 669 4325 legem
692 4254 813 4310 divinam
832 4255 929 4310 scribit
952 4255 978 4310 in
999 4256 1069 4310 libro
1120 4254 1279 4325 portatione,
1295 4255 1394 4309 educat
1411 4255 1439 4309 in
1453 4256 1639 4325 provectione,
1652 4266 1727 4328 potat
1742 4260 1768 4314 in
1781 4276 1911 4317 consum·

279 4347 380 4401 cordis.
395 4346 449 4402 Sed
461 4346 522 4401 etsi
536 4360 626 4400 veram
640 4346 815 4417 sapientiam,
828 4348 879 4401 hoc
892 4355 945 4408 est,
961 4345 1070 4416 sapien·
1120 4345 1251 4401 irratione.
1268 4343 1314 4400 tis
1325 4345 1417 4401 cidere
1430 4347 1502 4402 hunc
1515 4347 1629 4402 imbrem
1644 4349 1799 4407 lavantem?
1811 4353 1913 4422 Accipe

278 4443 346 4496 tiam
369 4452 494 4497 sanctam
516 4441 625 4512 qttoeris,
651 4441 749 4497 melius
773 4442 843 4496 ltarrc
869 4439 918 4494 tibi
939 4438 1069 4495 recelabit
1121 4437 1259 4508 lacrymas
1275 4436 1365 4492 itariae
1380 4438 1554 4506 peccatricis,
1578 4441 1735 4510 poerritcntia
1759 4441 1833 4496 Pauli
1851 4459 1912 4514 per·

279 4536 442 4592 exercitium
466 4535 600 4589 orationis
616 4548 697 4602 quam
722 4531 839 4587 studium
862 4530 996 4586 lectionis.
1016 4529 1069 4585 Sed
1086 4547 1107 4601 p
1122 4528 1273 4598 sequentis,
1287 4528 1486 4584 contessionem
1507 4529 1579 4585 Petri
1593 4533 1728 4600 negantis,
1743 4534 1914 4603 deprecatio·

280 4625 427 4683 delectabit
452 4626 578 4682 fortassis
604 4634 630 4680 te
654 4623 781 4679 lacunela
811 4621 910 4686 Tullii,
936 4621 1068 4692 sapientia
1121 4635 1182 4676 nent
1198 4620 1313 4676 latronis
1335 4621 1524 4691 supplicantis.
1548 4623 1576 4677 st
1590 4625 1718 4688 abluerit,
1742 4627 1828 4695 haquit
1848 4642 1913 4698 pro·

280 4717 418 4783 Platonis,
442 4718 582 4789 ingenium
605 4713 771 4779 Aristotelis,
793 4715 839 4783 qm
862 4713 999 4784 sapientes
1022 4727 1070 4768 ne·
1120 4714 1213 4783 pheta,
1228 4714 1323 4768 sordes
1338 4714 1456 4768 tiliarum
1474 4715 1551 4780 Sion,
1574 4723 1602 4771 et
1622 4717 1912 4785 sangnincmtecusa·

279 4812 364 4879 scios,
379 4822 406 4866 et
427 4811 526 4867 strrltos
540 4808 642 4878 peritos
666 4806 765 4862 reddit.
790 4803 842 4860 Sed
858 4821 918 4875 οιιιο
941 4812 982 4860 est
1003 4819 1069 4860 con-

279 4905 374 4960 sentio
387 4903 487 4958 Christi
503 4901 537 4956 ad
561 4898 663 4954 uottatt
685 4897 796 4952 Auferte
819 4899 870 4952 isla
887 4897 961 4962 binc,
981 4906 1008 4952 ct
1022 4910 1072 4951 nu·

281 4993 328 5050 lito
349 4994 439 5051 iacere
461 4995 569 5049 ιΙοιιιιιιιι
588 4990 677 5046 Patris
702 4990 784 5045 rostri
809 4991 917 5044 dotatum
942 4988 1069 5058 negocia·

285 5089 368 5143 tionis
383 5088 475 5158 (loon.
497 5088 548 5158 ιι);
569 5101 623 5141 ιιοιι
635 5084 706 5139 enim
722 5092 819 5153 regnat
833 5085 944 5153 spiritus
958 5082 1069 5150 Christi,

280 5179 328 5234 ubi
349 5179 496 5234 damnatur
507 5181 620 5252 spiritus
632 5179 796 5237 Aristotelis.
809 5177 857 5232 llis
874 5185 902 5230 et
918 5175 1070 5244 hujusmodi

280 5270 514 5328 consolationibus
537 5273 722 5338 confortatos,
738 5270 875 5334 Christus,
888 5270 934 5337 qrri
957 5283 1005 5323 nos
1017 5267 1071 5322 eri-

280 5364 347 5433 ptuit¹
362 5367 474 5429 mando,
498 5382 552 5422 non
573 5367 692 5436 patietur
713 5378 763 5419 nos
783 5378 865 5432 supra
881 5361 907 5416 id
924 5361 995 5432 quod
1010 5375 1072 5430 pos-

281 5471 378 5510 sumus
402 5459 511 5524 tentari,
535 5475 569 5514 ne
592 5473 653 5514 cum
677 5457 761 5514 semel
786 5455 940 5511 miserimus
962 5469 1070 5507 manum

282 5546 317 5601 ad
338 5560 471 5617 aratrum,
496 5553 673 5622 respicientes
699 5558 772 5606 retro
797 5547 899 5617 indigni
923 5542 1072 5608 efficiamur

281 5641 424 5710 regnobei
434 5641 510 5712 (brac.
524 5644 573 5712 ιι).
587 5642 681 5699 iluniti
694 5649 770 5715 crgo,
779 5641 878 5697 iratres
890 5637 1070 5702 dilectissimi,

280 5745 331 5801 per
344 5748 425 5803 opera
446 5732 561 5803 iustitiae
583 5749 598 5789 a
614 5734 718 5792 destris
733 5744 760 5789 et
774 5749 790 5788 a
804 5733 923 5790 sinistris
936 5745 1072 5817 prepare·

278 5838 344 5881 raus
360 5824 431 5883 clam
455 5826 574 5894 batarini,
591 5836 680 5886 rectas
699 5825 832 5885 iaciamus
848 5825 883 5898 in
907 5825 957 5882 bac
977 5823 1072 5882 solim-

1121 4806 1172 4860 lcm
1184 4806 1280 4860 laverit
1292 4806 1326 4862 de
1338 4807 1427 4861 medio
1443 4805 1501 4876 ejus
1515 4807 1542 4861 in
1555 4808 1651 4877 spiritu
1662 4809 1757 4878 indicii
1771 4820 1799 4864 et
1812 4809 1911 4879 spiritu

1121 4897 1228 4952 ardoris
1240 4896 1309 4967 (irc.
1321 4899 1369 4968 ιι),
1382 4899 1460 4968 quasi
1473 4900 1556 4965 dicat,
1570 4909 1635 4954 tunc
1647 4913 1758 4956 sarrtctus
1769 4903 1914 4959 vocabitur

1122 4989 1212 5043 oannis
1231 4991 1277 5059 qui
1297 4989 1408 5045 relictus
1421 4989 1503 5046 suerit
1518 4993 1544 5047 in
1562 4990 1724 5049 Jerusalem.
1744 4993 1912 5059 attonderi

1121 5078 1222 5148 placet,
1238 5090 1436 5150 consequenter
1455 5083 1628 5152 educantem,
1651 5092 1678 5140 et
1704 5085 1854 5154 adjurabit,
1872 5086 1913 5138 in-

1122 5169 1191 5239 quit,
1209 5185 1256 5226 cos
1272 5171 1413 5239 Dotrtirnrs,
1427 5181 1453 5227 et
1468 5173 1593 5229 liberabit
1608 5191 1666 5243 eos,
1687 5186 1714 5231 et
1729 5187 1806 5231 eruet
1820 5189 1879 5241 cor,
1896 5190 1912 5229 a

1123 5269 1309 5337 peccatoribus
1323 5278 1351 5324 et
1365 5270 1481 5326 sulcabit
1495 5287 1553 5337 eos,
1566 5272 1628 5343 quia
1645 5282 1823 5342 speraverunt
1837 5273 1864 5326 in
1880 5287 1913 5327 eo

1123 5363 1220 5431 (itare.
1232 5362 1299 5415 aral.
1311 5361 1384 5428 Quos
1395 5363 1551 5433 artiurahlt?
1566 5365 1619 5420 Eos
1633 5366 1726 5433 ntique
1739 5378 1808 5434 garos
1822 5379 1914 5436 scgre-

1123 5453 1196 5522 gavit
1218 5467 1232 5505 a
1257 5452 1360 5520 seculo,
1377 5461 1404 5508 et
1426 5456 1534 5509 cocatlt
1556 5471 1604 5524 per
1626 5457 1741 5524 gratiam
1759 5469 1848 5521 suain,
1865 5458 1913 5527 qni

1124 5560 1184 5598 cunr
1203 5542 1262 5613 ipso
1283 5541 1420 5600 terrentes
1441 5546 1538 5615 spiritu
1562 5554 1636 5600 starrt
1661 5545 1687 5598 in
1709 5547 1769 5602 acie
1792 5548 1914 5606 dieentes

1124 5654 1185 5693 cum
1196 5638 1278 5695 Petro
1291 5656 1298 5694 ι
1314 5639 1421 5694 etiamsi
1436 5638 1587 5707 oportuerit
1598 5655 1640 5694 me
1663 5643 1731 5695 mori
1746 5650 1847 5711 lecum,
1859 5658 1915 5700 nott

1124 5739 1150 5786 te
1165 5731 1267 5802 negabo
1283 5750 1290 5785 ι
1313 5731 1398 5786 tortes
1411 5732 1520 5799 qrridcm
1534 5732 1673 5801 proposito
1687 5735 1853 5801 sanctitatis,
1870 5735 1912 5792 in·

1126 5826 1195 5881 tlrmi
1212 5834 1301 5883 tamen
1324 5825 1475 5883 constantia
1492 5823 1609 5883 rictutis.
1635 5826 1699 5896 llos,
1722 5829 1844 5898 inquam,
1866 5828 1914 5884 ad·
