4425 6450
280 394 332 454 sot

846 380 955 439 snitu
975 380 1122 440 nubatis
1142 378 1323 437 rensuum

1866 378 1921 437 6th

281 509 363 569 stella
377 507 474 571 nitaris,
489 504 516 560 in
529 503 623 559 letitia
639 497 889 569 conlisjungamus
909 514 960 556 uos
973 499 1076 555 latitia
1093 501 1114 559 i
1129 497 1213 554 aceti.
1228 496 1297 552 iliro
1313 494 1394 551 modo
1409 494 1467 550 lica
1480 494 1593 563 justitiae
1608 502 1693 551 totrrnr
1710 511 1740 551 se
1754 494 1865 565 exponit
1877 497 1923 550 iu·

282 600 431 659 Sitneonis.
458 594 585 665 Nunquid
603 592 662 647 siue
683 589 763 645 nobis
786 591 917 660 prarrolus
936 600 1031 647 noster
1046 590 1073 644 iu
1124 592 1207 661 jotriae
1227 601 1254 645 et
1271 589 1398 645 nocentis
1416 588 1511 644 lancea
1534 588 1630 644 nrilitis
1652 588 1723 645 latus
1745 590 1923 658 transfigitur

283 692 387 763 templo
401 687 623 761 praesentabitur,
648 691 694 738 aut
711 682 771 737 sine
798 681 881 737 nobis
903 681 1014 737 Simeon
1041 683 1075 738 de

284 794 378 841 nostra
403 777 589 836 corrsolatione
610 774 760 832 laetabitur.
783 774 843 831 Nou
865 774 975 843 expedit
998 774 1076 829 nobis

285 874 429 946 parmlum
441 870 496 928 il'ic
510 868 654 925 abeuntem
669 869 816 935 deserere,
831 867 874 923 nl
890 867 1028 923 Sitneonis
1043 867 1077 922 il·

284 965 330 1022 luc
344 962 482 1033 praeconia
497 977 550 1017 uon
568 961 775 1017 andecimum
790 961 891 1031 qoiptpe
903 961 976 1031 qnod
986 961 1078 1029 agitur·

286 1056 314 1111 iu
330 1062 431 1111 nostrae
446 1052 604 1110 festivitatis
620 1052 742 1109 laetitiam
758 1052 910 1109 dedicatur.
938 1050 991 1108 Sed
1007 1068 1080 1107 nun·

286 1148 407 1220 quidqui
423 1162 508 1218 puero
528 1155 622 1203 nostro
653 1162 775 1215 aarum,
800 1149 863 1204 tlros
887 1158 915 1204 et
938 1150 1078 1222 myrrbaut

286 1255 349 1296 rum
360 1242 447 1311 nragis
462 1240 788 1309 obtulimus,pro'eodem
799 1240 966 1297 retrahendo
976 1241 1082 1298 colum.

287 1333 351 1390 barn
366 1374 374 1399 ,
389 1341 418 1389 et
432 1341 567 1389 turtruem
580 1330 751 1390 offensurus?
778 1332 837 1389 Non
860 1333 975 1390 deerunt
995 1334 1080 1391 etiam

267 1424 369 1504 nobis
385 1424 430 1479 bic
451 1423 606 1480 columbina
631 1424 816 1495 simplicitas,
843 1434 872 1482 et
895 1427 929 1481 de
945 1426 1079 1483 incolatus

252 1521 256 1531 ’
289 1515 497 1588 prolongatione
520 1517 660 1583 castitas,
686 1517 788 1589 qtribns
808 1517 830 1574 si
844 1519 949 1588 paritas
966 1522 1081 1591 geroium

290 1605 436 1663 charitatis
452 1606 564 1663 infuerit
584 1606 700 1671 ,lesrtur
714 1608 767 1663 sibi
783 1610 1004 1679 nostraderotlo
1015 1611 1082 1665 reti·

292 1700 379 1756 nebit.
401 1697 507 1769 Ubique
522 1698 599 1769 pueri
614 1712 728 1769 puerum
751 1710 914 1769 seqrrnntnr,
938 1701 960 1756 si
976 1717 1038 1757 cum
1055 1705 1082 1760 iu

291 1790 424 1846 munditia
446 1789 570 1861 corporis
594 1800 622 1846 et
639 1791 730 1847 cordis
755 1791 911 1846 innocentia
928 1804 1082 1849 conuuuta·

1129 684 1293 740 irurocentis.
1319 681 1379 737 Non
1395 681 1514 736 attendis
1528 681 1554 736 in
1566 681 1690 750 virgineo
1710 681 1780 751 ligni
1798 698 1921 753 corpore

1129 777 1230 845 aperiri
1251 778 1373 847 ostioque
1388 774 1542 845 uirginibus
1566 772 1657 829 fontes
1672 774 1802 845 utrinque.
1831 774 1922 843 Quaru

1131 868 1252 925 inlicitur
1268 869 1391 938 quinque
1403 882 1514 931 sumus,
1536 868 1578 932 si,
1595 877 1624 922 ot
1639 881 1720 937 supra
1737 868 1843 923 dictum
1857 876 1922 934 cst,

1129 963 1279 1033 prudentes
1298 960 1417 1030 uirgines
1435 975 1488 1015 uon
1504 959 1585 1016 fatuae
1607 960 1776 1015 existamus!
1806 958 1920 1017 liabent

1130 1055 1204 1111 enim
1224 1056 1373 1125 prudentes
1387 1053 1509 1124 uirgines
1530 1055 1599 1109 dnos
1619 1052 1709 1109 fornes
1732 1054 1759 1108 in
1779 1054 1859 1124 ligno
1877 1070 1926 1125 ps-

1131 1148 1222 1216 dibus,
1247 1149 1274 1204 in
1290 1148 1393 1219 qrribus
1410 1161 1443 1202 ex
1458 1160 1507 1215 spo
1532 1146 1732 1202 misericordiae
1747 1146 1871 1199 cordium
1883 1143 1938 1201 di·'

1131 1241 1242 1297 luantur
1267 1240 1392 1295 affectus.
1429 1239 1535 1293 liabent
1559 1248 1588 1294 et
1615 1240 1683 1292 llutos
1711 1238 1738 1292 iu
1763 1236 1924 1293 counitione

1133 1333 1248 1389 duarum
1262 1347 1412 1396 mansuum,
1428 1348 1463 1387 ex
1479 1332 1581 1402 qrribns
1597 1331 1710 1402 largiter
1734 1340 1761 1384 et
1774 1330 1925 1400 magnilica

1132 1424 1272 1497 protiuunt
1285 1440 1398 1481 merorem
1411 1425 1572 1493 gratiarum.
1593 1423 1668 1481 Fons
1684 1425 1797 1495 errimus
1811 1424 1926 1496 exigui

1137 1517 1223 1574 latere
1236 1517 1362 1589 profluit,
1377 1518 1423 1589 qrri
1441 1518 1474 1571 de
1489 1517 1657 1588 profundiori
1672 1521 1772 1590 abysso
1797 1534 1830 1574 ex
1847 1530 1928 1590 parto

1134 1611 1225 1667 cordis
1244 1610 1364 1674 oriens,
1389 1610 1557 1679 profusionis
1579 1611 1674 1679 gratias
1697 1609 1808 1665 brorium
1830 1612 1926 1668 mittit.

1134 1701 1199 1758 ludo
1226 1702 1356 1757 nimirum
1382 1700 1470 1756 effluit
1496 1713 1525 1757 ct
1552 1701 1746 1772 supereffluit,
1773 1704 1929 1764 ubiomucs

1135 1788 1281 1859 sapientiae
1297 1798 1326 1843 et
1338 1789 1461 1843 scientiar
1487 1789 1632 1843 thesauros
1658 1788 1685 1841 in
1699 1803 1729 1845 se
1753 1792 1930 1847 absconditos

291 1898 365 1939 ntus.
378 1882 439 1954 lpso
450 1883 612 1955 proficiente
632 1892 713 1940 telate
725 1893 754 1940 et
764 1886 899 1956 sapientia
913 1884 984 1953 artui
999 1884 1083 1941 ιιιιιιιιι
1100 1860 1123 1915 Β
1137 1882 1239 1941 Christi
1257 1882 1397 1953 plenitudo
1411 1881 1542 1936 custodit.
1568 1879 1654 1949 liujus
1667 1881 1787 1937 dominis
1803 1883 1922 1952 impetos

292 1984 321 2031 et
331 1974 480 2042 homines,
506 1991 557 2033 nos
573 1990 682 2047 quoqne
697 1976 867 2034 incrementa
892 1993 1033 2035 sumamus
1049 1978 1084 2034 de
1137 1983 1222 2032 totam
1239 1975 1287 2032 bei
1299 1974 1438 2029 civitatem
1456 1973 1590 2040 laetificat,
1605 1981 1689 2030 totam
1702 1982 1802 2029 terram
1815 1976 1851 2030 ad
1867 1991 1932 2046 gor-

293 2065 486 2123 cousimilibus
504 2065 654 2123 alimentis.
667 2066 793 2123 Semelei
811 2067 987 2132 adhaesimus,
1000 2067 1085 2124 cella·
1138 2068 1296 2124 nrirranduru
1315 2068 1453 2129 inebriat,
1476 2082 1599 2122 necesse
1621 2076 1710 2135 potest
1731 2067 1757 2121 in
1774 2082 1805 2121 ea
1825 2068 1932 2139 aliquid

294 2165 408 2213 ctaneos
425 2172 490 2213 suos
505 2158 534 2213 in
552 2159 626 2214 omni
647 2158 823 2215 tribulatione
847 2175 902 2215 non
917 2162 1043 2223 deseret.
1059 2169 1088 2215 et
1137 2161 1202 2217 boui
1214 2159 1355 2231 germinis,
1366 2160 1419 2215 nisi
1432 2160 1465 2215 de
1476 2160 1610 2229 irrigante
1624 2158 1727 2229 irriguo
1741 2159 1822 2229 irrrjus
1835 2161 1930 2219 furitis.

294 2248 369 2305 inter
384 2249 563 2305 tentationum
580 2249 720 2306 molestias
736 2250 913 2307 corifortabit.
929 2249 1004 2318 Quos
1020 2252 1087 2308 feeit

295 2338 324 2395 in
342 2354 372 2393 se
385 2352 533 2404 creseere,
549 2353 602 2395 nou
618 2339 690 2393 sinet
704 2338 730 2394 iu
746 2354 776 2395 se
789 2338 924 2406 detinere,
945 2340 991 2395 scd
1006 2338 1088 2410 perfi-

295 2444 372 2496 cere,
388 2438 416 2483 et
433 2443 581 2485 occorrrere
595 2430 621 2484 fn
637 2429 726 2484 uirum
744 2428 894 2500 perfectum
910 2430 989 2486 solita
1006 2430 1089 2500 lurgi-

302 2531 360 2578 tate
373 2523 528 2593 prostabit,
545 2522 568 2578 si
585 2522 612 2577 iu
628 2521 743 2592 hisquae
756 2520 783 2575 in
799 2521 845 2577 illo
859 2522 985 2586 vidimus,
997 2528 1042 2575 ant
1056 2522 1090 2576 de

297 2615 344 2690 illo
356 2615 508 2671 audirimus
524 2614 594 2669 facta
614 2629 664 2685 per
678 2614 768 2686 ipsum
784 2622 812 2670 et
835 2616 930 2671 andita
942 2614 976 2670 ab
987 2614 1034 2669 illo
1048 2627 1091 2668 se·

297 2707 362 2764 dola
379 2707 532 2763 intentione
545 2707 721 2773 vixerimus.
738 2716 870 2778 qnantum
887 2718 968 2778 putas
990 2708 1017 2762 in
1038 2707 1091 2763 fide

298 2797 358 2870 elus
371 2808 400 2854 ct
412 2798 560 2855 dilectione
573 2798 751 2854 crescemus?
765 2799 812 2853 Sic
827 2814 896 2869 opus
909 2811 951 2855 est
965 2809 1043 2856 certe
1056 2798 1089 2853 ad

276 2955 279 2960 y
297 2905 409 2948 enicem
425 2898 660 2967 properantibus,
683 2901 748 2969 grtia
762 2900 814 2956 uisi
839 2901 963 2957 solidiori
987 2901 1050 2957 cibo
1064 2908 1092 2955 ct

299 2980 411 3051 largiori
437 2986 478 3041 usi
508 2986 630 3057 fuerint,
661 2991 813 3046 timendum
829 3000 871 3048 est
896 3008 932 3049 ne
953 2993 1091 3063 passionis

298 3078 408 3146 pondus
422 3078 561 3137 sustinere
573 3098 628 3138 nou
641 3083 759 3153 possint.
775 3082 826 3140 llic
835 3082 892 3153 jam
909 3086 1010 3142 intueri
1026 3085 1094 3142 libet

1139 2251 1269 2316 Utinam,
1293 2252 1577 2316 fratercbarissiure,
1604 2251 1669 2305 rtrrio
1688 2260 1781 2306 nostra
1807 2252 1933 2307 intendat

1140 2346 1199 2402 bac
1214 2346 1336 2402 studiose
1351 2345 1457 2410 roimri,
1468 2344 1595 2401 meditari
1607 2345 1729 2407 assidue,
1739 2344 1781 2413 pie
1793 2346 1931 2408 venerari,

1141 2442 1274 2496 ardenter
1290 2440 1426 2511 diligere,
1442 2438 1626 2509 contemplari
1648 2437 1798 2504 subtiliter,
1815 2438 1934 2494 fideliter

1141 2532 1294 2602 exoptare!
1319 2530 1349 2586 Si
1370 2529 1397 2586 in
1410 2528 1489 2585 cellis
1504 2529 1628 2585 cordium
1644 2538 1770 2585 nostrum
1792 2529 1857 2583 lrnic
1872 2529 1934 2599 pbi-

1142 2622 1273 2693 losopbire
1297 2632 1511 2692 perseveranter
1528 2622 1735 2687 institerimus,
1766 2622 1791 2676 si
1803 2621 1868 2676 baie
1884 2620 1932 2677 uni

1143 2717 1215 2773 bono
1231 2715 1371 2770 individua
1385 2715 1518 2769 mentium
1542 2714 1641 2770 ursione
1654 2714 1935 2781 adlrarserinnrs,rere

1143 2810 1249 2865 eriruus
1264 2809 1403 2874 urouacbi,
1420 2816 1523 2863 nostra
1538 2808 1648 2864 torrionis
1668 2808 1824 2877 qrrinruium
1837 2810 1935 2863 unien-

1145 2904 1245 2960 tesuoi
1274 2911 1378 2958 sancta
1400 2902 1589 2956 etirntrrnnno
1609 2901 1751 2957 Trinitati.
1780 2902 1839 2972 lpsa
1860 2901 1934 2955 enirn

1145 2997 1224 3052 beata
1238 2995 1401 3063 l'rinitaset
1417 2994 1487 3050 trina
1503 2994 1601 3050 Uuitas
1623 3003 1665 3049 est
1682 2994 1761 3049 unica
1778 3002 1934 3048 sanctorum

1145 3088 1335 3158 exspectatio,
1355 3094 1382 3141 ef
1396 3086 1520 3141 laburtuu
1546 3097 1703 3140 sanctorum
1727 3083 1791 3141 felin
1808 3097 1936 3139 restrune·

296 3165 427 3238 diffiteor
440 3180 565 3232 nostrum
589 3191 724 3233 sutruuatu
740 3175 902 3248 patientiam
928 3178 955 3234 iu
971 3177 1093 3248 patibulo
1107 3200 1129 3260 (ς
1149 3182 1222 3237 ratio
1238 3181 1265 3236 in
1281 3181 1362 3250 cuius
1377 3179 1515 3236 desiderio
1534 3193 1584 3235 uos
1608 3178 1691 3234 faciat
1713 3176 1881 3232 urrnrniuriter
1895 3176 1937 3231 ri·

301 3260 518 3331 preferentem,
542 3280 625 3336 qrrem
643 3267 760 3322 vidimus
775 3282 890 3338 puerum
913 3269 940 3324 iu
956 3270 1094 3340 praesepio

302 3355 627 3413 summamionocentianr
635 3359 969 3428 ‹letuonstranteanam
981 3363 1094 3433 dignum

302 3452 387 3512 esset,
398 3445 618 3519 triquosbabere
633 3449 914 3507 uoluitcollartancos
929 3451 1093 3520 iniufantia,

303 3538 505 3596 commilitones
517 3533 630 3598 baberet
645 3541 672 3599 in
686 3557 766 3614 poena
778 3543 790 3599 f
804 3543 856 3612 Qui
871 3559 938 3616 ergo
952 3545 1095 3602 astitimus

304 3631 423 3704 ragicnti
440 3633 466 3687 in
481 3633 580 3701 cunis,
606 3651 656 3690 cnr
670 3652 725 3692 nou
739 3637 856 3706 patienti
880 3638 1044 3694 assistamus
1068 3637 1095 3693 in

305 3722 415 3779 elaris?
428 3723 485 3781 Cur
495 3740 549 3782 non
565 3727 670 3783 ruimus
683 3727 710 3783 iu
726 3728 819 3785 oscula
837 3737 864 3784 et
875 3731 1018 3800 arnrplexus
1030 3745 1097 3800 pen·

305 3818 413 3885 uentis,
431 3833 494 3874 cnm
511 3832 562 3876 nos
576 3819 609 3876 ad
625 3821 677 3875 lroc
692 3821 815 3880 bracbiis
842 3824 941 3879 invitet
954 3823 1097 3880 estensis?

306 3912 423 3982 l‘ropter
437 3912 551 3968 nimiam
566 3913 755 3981 charitatem,
783 3931 837 3986 oua
867 3931 918 3973 rios
944 3916 1096 3973 inumeritos

306 4003 414 4075 diligit,
438 4005 472 4061 ad
485 4005 627 4061 clarorum
644 4005 830 4063 conlisionem
851 4023 950 4065 uranus
975 4017 1003 4065 et
1014 4009 1098 4079 pedes

306 4097 442 4153 extendit.
463 4097 553 4168 (inpos
571 4098 659 4170 spinis
674 4101 861 4156 coronandum
884 4102 945 4156 siue
959 4101 1099 4156 contradi-

308 4186 401 4243 ctione
418 4188 566 4255 erbiboit,
595 4190 668 4259 quod
681 4191 726 4244 nir
753 4190 951 4247 tremebundos
972 4189 1097 4259 baptiso

308 4287 423 4350 tangere
447 4295 530 4339 ausrts
545 4283 609 4338 fuit.
636 4285 763 4355 dspntis
788 4293 817 4340 ot
839 4283 962 4352 colaphis
990 4281 1098 4339 beatam

310 4369 387 4426 illam
409 4372 508 4430 inciens
522 4389 575 4428 non
591 4375 709 4441 arcrtit,
725 4377 751 4430 in
770 4391 823 4445 utra
839 4374 1035 4430 insatiabiliter
1052 4391 1101 4432 su·

309 4461 430 4520 blinritns
445 4463 574 4535 argolica
589 4466 716 4535 puritatis
731 4467 847 4523 intendit
869 4481 877 4521 ε
899 4466 1098 4528 insatiabiliter

1147 3288 1227 3337 vere,
1242 3274 1289 3344 qrri
1306 3287 1357 3329 nos
1368 3271 1433 3328 feeit
1450 3286 1499 3341 per
1512 3272 1616 3328 auroris
1636 3269 1826 3340 eornpagiuem
1850 3282 1935 3321 trorum

1147 3380 1220 3424 esse.
1235 3367 1338 3421 lfcrttm
1352 3365 1417 3435 utria
1439 3374 1597 3435 peccatores
1619 3373 1646 3418 et
1669 3362 1761 3417 miseri
1777 3376 1871 3416 sunrus
1887 3401 1895 3422 ,
1910 3368 1939 3413 et

1147 3459 1277 3530 procellis
1291 3458 1411 3529 expositi
1433 3457 1524 3527 magni
1544 3457 1652 3519 uraris,
1673 3455 1706 3508 ad
1721 3453 1806 3507 maris
1830 3450 1936 3506 stellam

1148 3554 1207 3610 leva
1219 3549 1316 3606 oculos
1327 3547 1431 3613 cordis,
1448 3555 1479 3601 ut
1490 3560 1550 3615 qrrae
1559 3544 1638 3600 nobis
1650 3541 1741 3598 Solem
1753 3540 1939 3612 josrtuaepro-

1149 3644 1219 3708 tulit,
1236 3639 1380 3710 lrrjustitiae
1393 3647 1496 3695 nostrae
1516 3649 1640 3706 pumero
1660 3634 1768 3689 seoriam
1795 3647 1937 3702 utinquam

1149 3735 1238 3802 desit,
1252 3733 1357 3788 snrricos
1368 3738 1499 3796 nostros,
1521 3741 1590 3798 quos
1604 3726 1631 3780 iu
1643 3724 1747 3795 Spiritu
1763 3730 1859 3780 sancto
1874 3721 1939 3777 dili-

1149 3828 1259 3900 giruus,
1274 3823 1448 3882 orationibus
1473 3821 1529 3875 tuis
1551 3829 1580 3875 ct
1592 3827 1701 3873 tinorum
1714 3814 1940 3871 corrrmcndamus

1150 3919 1294 3985 attentius,
1308 3932 1360 3974 uon
1377 3915 1464 3973 solum
1477 3928 1525 3970 cos
1539 3926 1608 3978 onos
1620 3910 1744 3966 meruisti
1760 3921 1939 3979 cognoscere,

1150 4014 1198 4070 sed
1213 4026 1283 4081 quos
1301 4020 1327 4066 te
1343 4018 1452 4065 constat
1472 4007 1498 4062 in
1515 4006 1619 4061 nostris
1637 4001 1838 4073 cognitionibus
1851 3999 1941 4068 possi·

1151 4107 1227 4162 dere.
1242 4103 1347 4159 ilabeat
1361 4101 1407 4157 laic
1419 4098 1534 4170 epistola
1551 4096 1646 4159 intem,
1659 4093 1708 4151 sed
1725 4092 1805 4147 florem
1817 4106 1872 4147 nou
1889 4091 1940 4145 ixa-

1150 4196 1214 4252 bcat
1226 4209 1313 4262 amor,
1327 4201 1356 4247 et
1369 4192 1469 4262 probet
1481 4187 1600 4244 effectus
1617 4184 1709 4257 operis
1723 4198 1804 4255 qoam
1818 4183 1941 4238 intentos

1152 4290 1187 4345 sit
1198 4287 1312 4344 affectus
1324 4284 1437 4342 amoris.
1454 4284 1550 4345 Amen,
1562 4294 1653 4337 amen.

1430 4371 1597 4429 uersuum
1619 4369 1664 4426 ill.

1315 4483 1350 4524 aa
1362 4480 1523 4524 cosrrrssnrt
1535 4476 1716 4520 rsnnrcnuserr
1732 4461 1783 4532 (5).

311 4556 388 4623 dico,
403 4557 494 4629 quia,
521 4556 573 4615 etsi
588 4559 652 4615 dum
670 4556 734 4616 fcsu
757 4559 853 4616 risioni
873 4561 953 4631 plene
969 4547 1140 4632 reficitur,⁰
1239 4560 1404 4617 Precianum
1428 4559 1453 4614 cr·
1477 4559 1537 4613 oiroe
1563 4557 1677 4627 [ormam
1697 4554 1856 4625 proscribit.

311 4650 416 4707 ntrllam
432 4659 522 4708 tameo
539 4665 572 4708 ex
584 4652 711 4708 satietate
722 4651 864 4710 fastidium
879 4664 1036 4724 generator.
1051 4656 1099 4711 Est
1191 4655 1304 4711 bile-ctae
1319 4667 1376 4709 strae
1392 4651 1420 4708 in
1434 4650 1545 4706 Cbristo
1567 4648 1666 4704 illustri
1690 4646 1839 4703 comitissae
1856 4642 1944 4699 Perti·

311 4743 353 4799 ⁶⁵⁸
372 4743 399 4798 ¹¹¹
421 4743 501 4815 ι’θιι
524 4744 652 4801 “istm
675 4744 786 4816 plenum
814 4744 981 4802 desiderium
997 4786 1005 4812 o
1031 4755 1060 4802 ef
1074 4747 1101 4802 ῑῑι
1154 4750 1242 4816 censi,
1257 4741 1663 4815 frateri.peccator,salutem
1675 4741 1701 4794 in
1716 4740 1820 4800 Soirito
1835 4726 1946 4795 sancta}

312 4837 481 4906 plenitudine
495 4838 623 4895 desiderii
634 4838 759 4895 omnium
772 4839 887 4895 satietas
900 4848 943 4896 est
955 4838 1100 4896 bonorum.
1188 4841 1318 4913 lieposcit
1339 4854 1355 4894 a
1373 4852 1418 4894 me
1441 4847 1493 4892 tue
1513 4835 1674 4903 ,devotionis
1697 4831 1854 4897 instantia,
1876 4839 1946 4886 utre

312 4927 457 4990 Libentius
469 4927 542 4984 forte
562 4927 741 5010 audires-nos
754 4929 899 5002 loquentes
926 4930 960 4987 de
977 4929 1101 4998 talibus,
1154 4930 1292 5001 aliquibus
1304 4929 1402 4985 litteris
1417 4929 1452 4983 de
1469 4926 1553 4982 animi
1575 4927 1677 4981 virtute
1704 4929 1945 4987 comoroneam,et

315 5021 409 5078 sedin
428 5019 536 5091 maguis
548 5028 576 5074 et
593 5021 765 5079 mirabilibus
788 5036 874 5093 snper
892 5037 943 5080 nos
963 5021 1105 5079 ambulare
1154 5021 1267 5079 incitem
1281 5020 1315 5076 ad
1331 5018 1498 5076 desiderium
1523 5028 1703 5075 aeternorum.
1731 5015 1805 5070 Felix
1822 5014 1904 5083 plane
1918 5021 1945 5068 et

314 5115 452 5172 timemus.
470 5111 650 5169 llerertarnur
672 5115 764 5183 potios
787 5116 823 5172 ad
837 5116 864 5172 ld
878 5117 951 5186 quod
969 5130 1020 5186 pro
1036 5125 1104 5171 tem·
1154 5114 1290 5171 laudanda
1309 5113 1431 5184 petitio,
1459 5121 1488 5166 ct
1504 5110 1608 5165 utinam
1623 5116 1697 5164 esset
1719 5107 1790 5178 apud
1809 5121 1853 5162 me
1873 5106 1946 5160 onrle

314 5222 383 5278 pore
398 5206 538 5279 congruit,
562 5205 641 5263 nobis
665 5205 811 5262 redeamus
827 5208 862 5263 ad
886 5208 1104 5264 consolationem
1156 5207 1262 5264 felicem
1277 5211 1423 5262 sortiretur
1434 5203 1563 5260 effectum
1577 5203 1592 5267 l,
1603 5202 1706 5258 Verum
1719 5213 1819 5270 magna
1831 5206 1874 5253 est
1885 5196 1946 5251 ani·

317 5299 590 5358 sictirruesalntaris·
614 5298 767 5356 Considera
787 5299 894 5371 grriaos
909 5299 992 5356 Verbi
1016 5301 1107 5357 incar·
1156 5309 1209 5351 roae
1235 5293 1309 5349 iliius
1333 5292 1500 5357 terrenitas,
1528 5292 1572 5347 cni
1593 5305 1647 5347 noo
1667 5305 1696 5345 se
1717 5294 1812 5345 unctio
1825 5286 1946 5357 Spiritus

316 5396 375 5452 ιιιιι
389 5395 551 5458 irmoxirun,
575 5408 608 5450 es
624 5408 679 5465 prro
692 5394 837 5462 sapientias
852 5394 974 5451 coelestis
990 5393 1104 5450 lirrmioa
1155 5386 1244 5442 sancti
1263 5385 1416 5451 infuderit,
1444 5398 1494 5440 nec
1508 5384 1611 5440 lrabere
1626 5393 1719 5454 potest
1747 5379 1858 5436 aliunde
1873 5379 1946 5433 unde

317 5486 634 5560 pretermiserunt
651 5485 723 5542 fellis
742 5494 854 5558 potatur
877 5484 1060 5542 auraritudinc
1079 5495 1109 5542 et
1160 5479 1213 5536 sibi
1229 5479 1272 5535 rel
1284 5478 1349 5536 alibi
1374 5476 1513 5549 prefectus
1527 5476 1670 5533 materiam
1686 5473 1887 5532 subministret.
1904 5467 1945 5525 tid

355 5648 395 5718 ibi
428 5646 521 5704 ilabot
542 5646 696 5730 (ιιαιιαιιι),
722 5654 752 5729 ut
783 5645 903 5729 ridetur,
930 5643 1106 5730 blesensem,
1159 5622 1946 5756 defridilll3liotrocifrlili„coqutgemaaltffiroprappicpgissn

321 5717 471 5852 liulfi
488 5716 577 5857 illul
591 5714 1031 5854 obtuleruut‘nullut
1046 5726 1107 5836 lli
1157 5708 1739 5851 ilittltt'ttlzil‘:assistet

323 5857 478 5917 ilotbildeut
496 5857 673 5928 Saxonicum,
703 5856 812 5915 llctrriei
825 5855 926 5915 nerins
937 5854 1019 5911 filiano
1030 5890 1038 5919 ,
1051 5851 1107 5908 Go-
