4425 6450
794 364 968 425 stuariam
989 362 1230 425 TOhlthEh'SlS
1248 362 1400 423 urtsctret

1083 484 1108 542 Α
1124 489 1150 534 ιι
1166 480 1273 537 laticem
1287 496 1302 534 a
1315 481 1393 538 robis
1407 480 1525 537 reditum
1539 488 1719 549 promeretur.
1737 476 1912 542 Concurrunt

518 482 782 561 meursium
801 483 833 540 ι.

451 645 484 684 to
498 634 638 682 ιιιιιιιιιιι
658 634 799 674 tutatuta.
818 634 902 675 estse.

283 748 416 803 Hortatur
427 752 456 799 ιιι
476 737 607 811 quoddam
631 735 744 789 debitum
759 732 857 787 soluere
880 749 933 787 non
946 732 1070 788 retardet.

319 881 442 934 Marassa
468 874 516 930 liei
542 870 630 943 gratia
655 866 846 923 aurelianensi
864 864 1072 936 episcopalia),

283 974 441 1031 Saarnanus
456 967 490 1023 de
507 963 539 1021 S.
560 960 710 1025 Genotela,
725 958 880 1015 salutemet
896 955 975 1012 hdele
993 957 1072 1012 ohse-

283 1065 388 1137 quium.

317 1154 359 1208 dd
376 1150 535 1221 petitionem
551 1157 682 1210 nestram,
695 1157 776 1213 quam
790 1157 838 1212 per
848 1143 988 1199 domiuum
999 1141 1072 1199 Odo-

283 1256 346 1296 nem
375 1239 506 1294 eluricum
532 1244 652 1291 restrum
669 1232 846 1303 significastis
873 1234 952 1298 mihi,
966 1241 994 1288 ιι
1010 1248 1072 1288 cum

283 1346 372 1388 essem
395 1332 467 1401 apud
480 1345 529 1385 ros
542 1343 591 1385 ore
605 1329 713 1401 proppio
737 1328 923 1397 expressistis,
951 1326 1073 1382 inducias

284 1424 373 1487 robis,
397 1422 425 1476 in
441 1434 524 1476 causa
543 1421 665 1490 magistri
682 1419 821 1475 Benedicti
832 1431 934 1475 sanctae
944 1418 1074 1475 Romanae

286 1514 415 1570 Ecclesiae
429 1512 548 1583 acolythi
567 1512 764 1576 concessimus,
788 1520 932 1581 sperantes
951 1511 983 1565 de
998 1510 1075 1567 vohis

286 1608 398 1664 meliora
414 1614 443 1662 et
457 1606 587 1662 viciniora
597 1605 666 1675 paci.
676 1604 704 1658 lu
718 1601 797 1671 hujus
810 1604 866 1671 spei
884 1601 1074 1658 coahdentiam

286 1700 362 1755 veuit
388 1703 422 1752 ad
439 1710 489 1751 tos
512 1693 662 1765 pradictus
677 1693 719 1758 B.,
732 1693 775 1748 cui
794 1693 816 1748 si
842 1691 1031 1748 satisfeceritis
1047 1691 1074 1746 in

286 1789 378 1846 dehita
393 1803 454 1853 suo,
469 1796 497 1841 et
511 1785 658 1841 consuletis
674 1782 753 1839 lamae
774 1793 884 1851 vestrae,
902 1793 930 1840 et
945 1799 1075 1840 verecun-

1858 361 1912 419 592

1124 583 1151 627 et
1173 573 1357 642 respondeant
1385 572 1483 643 priscis
1503 574 1597 629 diebus
1620 574 1749 638 hodierna
1777 584 1911 648 tempora,

1123 663 1216 731 Pater,
1231 673 1260 718 ut
1276 665 1561 734 regnumsaeerdotio,
1578 681 1628 722 nec
1644 670 1828 725 sacerdotium
1842 672 1913 727 desit

1123 770 1217 825 reguo.
1232 754 1394 824 impugnant
1416 753 1628 811 adolescentiam
1654 765 1775 813 nostram
1804 757 1872 831 (53).
1886 772 1914 817 ιι

1124 845 1246 916 auspicia
1259 845 1334 917 regni
1345 849 1430 902 nostri
1446 850 1606 917 perturbare
1629 852 1797 907 contendunt
1815 863 1913 922 poten·

1126 945 1175 1000 tes,
1187 944 1214 990 et
1227 935 1273 1005 uui
1298 934 1440 1006 multiplici
1455 951 1488 991 ex
1506 951 1588 993 carrsa
1613 938 1694 995 sudem
1721 942 1915 1001 nobisdcbue·

1125 1036 1198 1091 rant,
1215 1025 1340 1083 inhdcles
1351 1027 1515 1094 adversarii,
1527 1044 1643 1099 quorurn
1654 1032 1830 1102 improbitate
1840 1050 1916 1093 com·

1124 1117 1252 1188 pellimur
1264 1128 1292 1174 et
1303 1118 1417 1174 consilia
1429 1135 1499 1175 nora
1511 1136 1644 1191 quarere,
1659 1133 1687 1180 et
1701 1125 1802 1180 auxilia
1817 1141 1915 1182 corro-

1125 1224 1202 1281 gare.
1224 1210 1336 1267 desistit
1356 1211 1436 1267 nobis
1455 1227 1537 1282 super
1557 1228 1653 1270 omnes
1667 1216 1770 1272 amicos
1782 1219 1914 1276 etlideles

1127 1304 1914 1382 nostroscharissimusavunculusnosterWillchuusl55),

1126 1396 1271 1453 hamensis
1283 1398 1515 1467 archiepiscopus,
1528 1398 1555 1452 iu
1567 1398 1689 1456 consiliis
1704 1403 1805 1457 uostris
1819 1404 1915 1461 oculus

1127 1489 1253 1560 vigilans,
1266 1491 1417 1561 intrepotiis
1427 1491 1539 1546 dextera
1553 1506 1661 1546 manus.
1674 1492 1741 1546 Cum
1753 1494 1835 1548 relad
1848 1503 1915 1549 tern-

1126 1597 1176 1653 pur
1189 1582 1342 1638 recederes
1352 1581 1441 1649 nohis,
1454 1583 1600 1637 succedere
1611 1592 1654 1637 est
1666 1583 1789 1638 hostibus
1802 1584 1914 1650 nostris,

1127 1676 1186 1746 apri,
1202 1675 1273 1730 sicut
1284 1675 1390 1744 absque
1406 1674 1499 1739 armis,
1519 1674 1556 1727 ita
1578 1684 1606 1728 et
1628 1675 1732 1743 absque
1746 1676 1842 1731 amieis
1866 1691 1916 1732 nos

1127 1782 1188 1824 csse
1212 1767 1284 1824 rotis
1312 1767 1467 1824 inlidelihus
1496 1768 1680 1824 irreverenter
1703 1776 1731 1824 et
1748 1776 1878 1838 expetunt
1888 1778 1917 1824 ιι

286 1881 337 1937 diae
349 1878 478 1949 parcetis.
497 1876 587 1932 Verbo
598 1877 671 1930 culm
687 1875 836 1945 episcopali
851 1874 989 1939 credulus,
1005 1876 1076 1931 sicut
1092 1845 1113 1904 Β
1127 1868 1299 1930 mmmm·
1314 1860 1439 1915 V⁰⁶²⁸¹5⁸
1458 1875 1531 1925 ⁰⁰⁰¹»
1546 1860 1637 1926 Pater,
1653 1862 1725 1917 ⁸5⁰¹st
1750 1866 1915 1932 audivimus,

285 1984 440 2027 sermonem
464 1976 584 2023 restrum
602 1976 803 2022 sacramentum
818 1964 967 2031 existimat,
991 1964 1077 2019 sicet

287 2062 372 2133 ipsius
401 2060 536 2118 sermonis
558 2058 728 2113 eontrarium
750 2066 877 2113 eventum
901 2056 1074 2125 sacrilegium

287 2162 406 2225 reputat.
421 2150 580 2210 Satislacite
590 2151 627 2217 ei,
640 2148 730 2215 Pater,
747 2149 790 2205 tel
806 2148 833 2203 iu
849 2156 946 2215 toturn,
965 2148 1007 2205 rel
1022 2150 1076 2206 sal·

288 2255 341 2301 tem
362 2246 390 2301 in
404 2254 508 2313 partem
534 2245 629 2311 debiti,
641 2257 676 2299 uc
693 2242 854 2313 compellar,
868 2241 902 2296 arl
918 2241 1075 2296 mandatum

287 2338 390 2394 domini
401 2352 487 2409 papae,
503 2337 532 2392 iu
545 2335 709 2393 sentsrrtiam
725 2335 803 2391 robis
822 2333 964 2390 molestam
984 2348 1078 2404 proce-

288 2427 364 2495 dere,
392 2428 521 2498 quoniam
550 2425 687 2480 ntartdatis
703 2423 862 2495 apostolicis
883 2423 955 2480 nolle
968 2425 1078 2493 aequic-

283 2532 367 2573 scere
381 2525 524 2585 peccatum
539 2514 675 2570 ariolandi
696 2523 749 2580 est,
765 2513 896 2570 etscelus
918 2513 1079 2569 idololatriac

287 2607 360 2663 nolle
375 2608 496 2663 obedire.
508 2605 754 2662 lrrtitusollendam
771 2613 936 2662 senectutem
947 2613 1078 2671 vestram,

287 2698 336 2756 sed
364 2698 517 2768 adominn
540 2694 723 2769 papa'puulri
758 2698 842 2754 timeo
866 2697 1077 2754 inobedientiam

288 2806 389 2848 meam.
408 2790 437 2847 Si
457 2791 531 2847 euim
547 2792 582 2846 ad
606 2805 688 2847 aures
700 2791 803 2847 domini
822 2805 900 2862 papae
914 2789 1077 2864 pervenerit,

289 2884 332 2940 tel
348 2898 395 2939 ros
408 2900 462 2940 non
477 2884 604 2950 soluisse,
633 2885 674 2939 ιιι
690 2898 733 2939 me
745 2884 812 2939 mihi
828 2884 936 2952 iecisse,
961 2880 1079 2938 odensus

289 2986 316 3032 et
345 2977 491 3045 indignans
520 2989 676 3046 supremam
703 2990 812 3030 manum
835 2984 968 3047 apponet,
991 2972 1080 3029 etsie

291 3080 437 3138 utrumque
452 3076 586 3131 nostrum,
599 3069 673 3137 quod
684 3080 789 3135 vereor,
801 3070 945 3140 percutiet,
958 3077 988 3123 ut
999 3079 1078 3138 prena

291 3173 381 3219 restra
397 3177 485 3218 meam
501 3160 697 3233 negligentiam
713 3176 767 3218 raon
779 3171 902 3220 excuset.

521 3322 600 3396 145
619 3321 789 3382 srrsrusu
807 3325 850 3384 ιι.

312 3475 425 3516 tttttteut
441 3472 519 3515 tracta
544 3473 701 3515 rsthcottutt
718 3474 751 3513 ab
767 3474 875 3516 Siluii!
891 3477 1062 3521 rohatstcttt.

293 3593 378 3659 uapor
406 3604 433 3646 ut
460 3608 561 3648 ontrrern
585 3592 664 3656 fidem
687 3592 812 3648 adhibeat
829 3594 973 3664 Stephano,
1004 3613 1080 3667 quern

327 3659 436 3787 §deffiniri
448 3663 525 3718 rrtr‘ttt't
538 3663 573 3716 ad
589 3664 705 3732 nepotis,
716 3679 774 3733 quoe
790 3665 840 3734 ipst'
852 3667 993 3720 tractando
1006 3683 1081 3721 ntun-

340 3868 578 3926 herorcnutsstmo
607 3869 682 3925 Patri
705 3884 737 3926 ac
765 3869 894 3939 domino,
924 3873 1080 3946 belgrado

294 3978 400 4018 summo
412 3961 695 4031 pontiliei,l’utcrrrus
710 3964 899 4032 eadempratia
914 3965 1081 4024 Francorum

295 4069 353 4118 rex,
368 4055 488 4110 debitam
501 4071 563 4110 cum
581 4070 686 4112 summa
701 4055 846 4113 deuotione
859 4061 1052 4116 reverentiam.

329 4144 430 4200 Fidelis
456 4160 565 4216 semper
589 4145 718 4202 Ecclesiae
742 4148 988 4206 hauransedetotio
1003 4154 1080 4225 regui

295 4238 399 4304 austri,
413 4246 441 4293 et
455 4236 561 4293 lacileur
580 4238 751 4308 supplicandi
764 4255 857 4295 coram
874 4241 950 4296 robis
966 4241 1079 4309 aditum,

328 4439 386 4510 (55)
414 4438 553 4493 dianasscs
580 4438 613 4493 de
634 4436 769 4494 Garianda
792 4453 875 4506 nepos
902 4438 1082 4510 stephanide

1128 1958 1155 2004 et
1169 1960 1198 2005 ut
1212 1950 1384 2020 praesentiam
1399 1966 1477 2007 suam
1491 1952 1567 2007 robis
1577 1952 1716 2018 exhibeat.
1733 1956 1820 2010 sacris
1836 1955 1918 2030 140

1128 2044 1228 2098 restris
1239 2042 1362 2112 apicibus
1375 2043 1523 2099 incitastis.
1541 2042 1661 2100 Paratus
1673 2043 1733 2100 e'rat
1761 2060 1870 2115 parere,
1889 2056 1918 2104 et

1129 2147 1288 2204 comparere
1315 2137 1411 2202 vohis,
1436 2146 1549 2207 peccato
1574 2138 1706 2196 ariolandi
1738 2140 1915 2197 simulacrum

1130 2225 1321 2281 inobedientiae
1345 2243 1525 2299 conparans,
1557 2238 1585 2286 et
1609 2230 1775 2287 voluntatem
1801 2247 1917 2288 nonac-

1129 2319 1287 2391 quiesecndi
1315 2323 1393 2378 robis
1408 2331 1538 2394 tanquam
1554 2323 1642 2380 scelus
1662 2324 1820 2381 idololatriae
1842 2327 1919 2381 dete-

1130 2421 1206 2468 stans
1221 2432 1229 2468 ι
1245 2412 1273 2468 iu
1286 2413 1402 2471 articulo
1415 2408 1528 2471 suiurnae
1540 2415 1716 2473 necessitatis
1727 2428 1837 2482 nostrae,
1850 2434 1918 2474 con·

1131 2507 1248 2565 ddentes
1274 2507 1306 2563 de
1324 2508 1460 2579 praecipua
1478 2508 1623 2565 dilectione
1648 2520 1736 2566 restra
1757 2513 1919 2569 retinuimus

1130 2612 1203 2665 eunt,
1231 2600 1341 2657 clarum
1365 2602 1392 2656 iu
1409 2601 1630 2659 ocultshosttum
1646 2617 1813 2670 nostrorum,
1843 2616 1871 2660 ιι
1891 2606 1918 2660 in

1131 2691 1265 2751 lateribus
1275 2708 1371 2751 eorum
1382 2695 1517 2763 lanceam,
1530 2698 1589 2754 sine
1605 2698 1662 2767 ipso
1684 2697 1742 2752 deri
1758 2696 1829 2752 nibil
1842 2698 1918 2753 asti·

1131 2798 1249 2853 mantes,
1261 2788 1319 2843 sinc
1331 2790 1365 2844 de
1375 2802 1453 2858 pace,
1466 2789 1524 2844 sire
1538 2790 1571 2846 de
1584 2790 1728 2847 bellacum
1748 2791 1874 2847 hostibus
1884 2793 1920 2847 sit

1131 2881 1275 2953 sgcrrdrrm.
1291 2881 1427 2952 Suscipite
1450 2882 1541 2951 Pater,
1560 2899 1666 2954 preces,
1691 2893 1810 2950 nostras,
1825 2899 1921 2954 preces

1132 2975 1180 3030 dlii
1195 2977 1289 3041 vestri,
1302 2989 1382 3045 quem
1406 2990 1421 3029 a
1435 2976 1578 3031 crrnahulis
1594 2991 1702 3045 semper
1729 2976 1874 3042 dilexistis,
1889 2986 1920 3031 ut

1132 3068 1180 3137 qui
1205 3078 1268 3124 aute
1292 3069 1464 3123 nativitatem
1489 3079 1612 3124 nostram
1634 3079 1757 3124 nostrum
1788 3069 1921 3125 benevole

1093 3183 1117 3246 c
1133 3160 1308 3217 desiderastis
1323 3170 1414 3217 ortum
1427 3160 1497 3232 (56),
1513 3161 1677 3217 auctoritate
1694 3172 1783 3218 restra
1798 3163 1922 3217 benelire

1087 3279 1094 3340 p
1133 3254 1321 3324 comprimatis
1344 3262 1467 3310 nostrum
1492 3254 1680 3311 desiderantes
1697 3269 1836 3313 occasum.
1850 3255 1923 3313 Gra-

1133 3356 1189 3400 tum
1206 3346 1242 3403 sit
1252 3346 1339 3410 vohis,
1351 3345 1443 3411 Pater,
1457 3345 1528 3416 qtrud
1542 3347 1568 3401 in
1579 3346 1921 3421 tantodiseriminercgni,

1133 3450 1238 3494 tantum
1254 3439 1503 3494 amienmnostrum
1522 3439 1679 3502 retinemus,
1699 3439 1776 3508 cujus
1802 3455 1922 3509 praesen·

1134 3533 1170 3587 tia
1187 3533 1266 3588 nohis
1293 3540 1332 3587 est
1351 3530 1568 3601 pernecessaria,
1594 3539 1621 3584 et
1643 3530 1767 3586 absentia
1794 3533 1922 3603 perdam·

1132 3639 1210 3680 ansa.
1240 3624 1272 3679 Et
1300 3625 1430 3695 quoniam
1457 3637 1583 3695 magnum
1612 3634 1639 3679 et
1657 3623 1733 3679 cordi
1752 3638 1922 3691 nostropro-

1133 3717 1337 3774 hmdeinsitum
1355 3717 1559 3789 cstuegotium,
1588 3718 1765 3773 rrtittimusad
1785 3733 1832 3773 ros
1850 3734 1920 3789 prae-

1133 3808 1262 3864 dilectum
1280 3817 1304 3863 et
1321 3808 1482 3865 familiarem
1497 3822 1621 3865 nostrum
1636 3811 1816 3881 Stephanum,
1837 3810 1922 3866 abba·

1134 3909 1188 3955 tem
1204 3899 1261 3970 tat)
1274 3899 1303 3955 S.
1318 3897 1464 3956 Geuorelae
1489 3900 1636 3956 discretum
1652 3908 1679 3956 et
1705 3899 1810 3955 lidelem
1826 3917 1921 3972 regno,

1132 4007 1213 4063 quaem
1227 3992 1287 4050 loco
1301 4000 1393 4047 nostro
1408 3992 1525 4062 benigne
1539 3993 1680 4062 suscipite,
1709 4004 1738 4048 et
1751 3993 1777 4048 ei
1790 4004 1920 4065 tanquam

1133 4084 1222 4149 nobis,
1237 4083 1265 4138 in
1281 4084 1324 4139 his
1337 4098 1397 4154 quae
1408 4097 1441 4139 ex
1452 4096 1531 4155 parte
1544 4095 1637 4142 nostra
1654 4087 1731 4143 robis
1751 4088 1862 4154 dixerit,
1880 4086 1921 4141 in·

1132 4173 1289 4231 dubitanter
1304 4175 1385 4231 fidem
1408 4176 1516 4233 habete.

1134 4454 1183 4511 pus
1196 4438 1354 4503 hamensis,
1379 4437 1529 4494 cardinalis
1556 4437 1670 4507 legatus,
1686 4438 1756 4494 lilius
1768 4440 1918 4496 Thenhaidi

295 4509 445 4572 Garianda,
463 4509 598 4575 rprrortdarn
622 4508 825 4563 Aurelianensis
841 4511 956 4572 decani,
972 4513 1005 4566 dc
1026 4525 1080 4580 qrto
1094 4514 1120 4574 υ
1135 4508 1404 4578 reterisCampauiae
1417 4508 1537 4574 comitis,
1554 4511 1599 4577 qui
1618 4510 1698 4563 liliano
1716 4524 1794 4565 suarn
1805 4511 1918 4565 ddelarn

295 4580 394 4648 sapius
407 4578 427 4633 S
453 4577 610 4631 Bernartius
621 4578 678 4648 agit
690 4579 714 4631 in
729 4578 808 4647 epist.
820 4578 859 4633 Ea
871 4579 954 4636 nobili
967 4581 1079 4636 Garian-

1132 4580 1246 4636 dederat
1259 4579 1285 4632 in
1298 4592 1411 4633 uxorein
1425 4581 1480 4650 regi
1494 4577 1631 4634 hurlovico
1648 4579 1700 4646 llll,
1711 4594 1743 4634 ex
1759 4597 1811 4651 qua
1825 4595 1920 4634 strare-

296 4652 392 4704 durnm
420 4649 539 4704 Gornaci
566 4647 599 4703 ad
624 4647 775 4703 hlutrorrarn
796 4653 920 4718 prosapia
948 4651 1079 4707 oriundus
1130 4650 1170 4717 pit
1184 4650 1338 4718 Philippum
1354 4651 1516 4718 Augustum,
1533 4648 1611 4715 cujrrs
1622 4665 1688 4721 eruo
1706 4651 1857 4705 avunculus
1868 4649 1920 4705 luit

296 4717 1079 4791 episeopushnrelianensisrenuntiaturanuolliti,erga
1129 4719 1304 4782 Guillclmus,
1321 4719 1355 4772 de
1370 4732 1424 4787 uuo
1436 4735 1517 4789 supra
1534 4720 1650 4789 egiruus.

296 4791 445 4846 santonicos
468 4788 606 4860 regulares
618 4787 647 4842 S.
667 4787 771 4842 Erurtii
796 4790 943 4844 betrerolus
958 4799 986 4844 et
998 4791 1080 4845 bene·

1168 4790 1225 4860 (56)
1237 4790 1304 4844 Cunt
1333 4788 1488 4844 erduticus
1505 4787 1547 4843 tlt
1564 4791 1632 4844 duas
1644 4791 1783 4847 lrabnisset
1808 4806 1918 4856 uxores,

298 4859 378 4923 licus,
393 4861 467 4914 itaut
488 4859 618 4915 intereos
632 4860 743 4914 taudem
759 4858 785 4913 in
801 4859 891 4914 medio
904 4859 1013 4930 capituli
1033 4877 1080 4915 ro·
1130 4875 1190 4930 arrae
1210 4861 1312 4915 nullam
1340 4873 1423 4914 sexus
1446 4858 1592 4914 masculini
1624 4862 1727 4930 prolem
1753 4862 1917 4926 ediderant,

297 4927 378 4983 luerit
389 4927 510 4998 sepeliri.

335 4996 393 5066 tb‘lt
406 4997 544 5066 l‘hilippus
558 4996 661 5053 scilicet
680 4997 887 5055 Flaudreusium
900 5014 1004 5064 comes,
1016 5016 1078 5057 euru

297 5084 353 5138 quo
377 5068 446 5122 hulla
470 5067 599 5122 rrroritarl
617 5062 797 5125 Virdrrrandiae
818 5072 979 5126 comitatum
1004 5087 1081 5126 rectr-

298 5142 461 5207 perarntruu,
486 5151 566 5205 quern
579 5135 660 5205 Belga
676 5150 864 5207 usurpaverat.
890 5141 927 5194 lie
944 5143 995 5197 hoe
1009 5142 1081 5197 hello

300 5211 357 5261 hue
374 5207 457 5261 habet
485 5207 639 5277 dipoldus:
663 5224 673 5258 ι
696 5213 775 5263 antro
793 5211 876 5279 igitur
894 5213 990 5281 quinto
1006 5212 1080 5282 repul

299 5276 415 5346 Ptrrlippi
439 5277 576 5348 Augusti,
605 5279 695 5332 aetatis
723 5277 808 5346 ipsius
835 5293 907 5335 arturo
931 5282 1080 5347 ricesirno,

297 5362 427 5415 egressus
437 5356 479 5402 est
494 5361 556 5401 cum
569 5347 691 5402 exercitu
706 5355 737 5400 au
756 5362 863 5401 onmem
882 5359 984 5404 terram
996 5351 1081 5415 illam,

299 5427 327 5469 ct
351 5426 517 5486 aparuerunt
543 5417 638 5471 lactem
654 5425 733 5471 terrac
753 5419 824 5471 sicut
840 5419 960 5474 locustae.
981 5418 1083 5475 Videas

300 5499 390 5539 runem
406 5501 497 5541 curares
511 5486 531 5540 F
534 5486 646 5541 londria·
658 5487 808 5541 exereitum
834 5490 905 5558 regis
916 5504 1043 5559 maguum
1056 5500 1082 5544 ct

300 5556 409 5620 lut-tem,
436 5557 515 5611 valde
527 5558 661 5613 contritus
684 5563 725 5612 est
737 5556 848 5624 spiritns
870 5556 939 5626 ojus,
953 5569 980 5614 et
997 5559 1084 5627 lique·

301 5626 400 5679 l‘actrrnr
413 5636 456 5683 est
478 5642 527 5682 eor
538 5628 627 5698 populi
638 5628 680 5683 sui
705 5627 774 5698 lupae
787 5631 942 5695 praesidium
955 5644 1084 5701 quaren-

254 5738 259 5749 .
302 5705 447 5759 tenetes

338 5766 394 5836 tad)
409 5766 569 5823 Guillehuus
584 5767 688 5824 scilicet
703 5784 718 5823 a
735 5766 881 5834 Campania
900 5771 1084 5842 archispisco-

436 5922 487 6071 ὁ

1132 4931 1296 5000 tertiamque
1310 4931 1433 4985 duxisset
1447 4930 1572 4993 adalam,
1591 4948 1652 5001 unae
1667 4933 1723 5000 jaan
1741 4940 1855 5000 qrratuor
1869 4949 1920 4985 au·

1132 5001 1175 5056 nis
1188 5000 1290 5068 absque
1309 5000 1404 5056 liberis
1418 5013 1617 5069 permanserat,
1645 5016 1677 5055 ae
1692 5003 1795 5057 sterilis
1808 5002 1919 5056 videba-

1133 5082 1195 5124 tur:
1220 5088 1230 5122 ι
1255 5070 1322 5136 Rex,
1342 5089 1352 5122 ι
1372 5080 1401 5125 ιιι
1429 5071 1467 5125 ιιι
1492 5071 1639 5140 lligurdus,
1668 5087 1753 5126 rcum
1767 5085 1853 5126 uxore
1869 5087 1919 5126 sua

1132 5139 1226 5203 Adule,
1243 5153 1271 5196 et
1282 5141 1496 5206 unirersncleru
1517 5151 1544 5193 et
1559 5143 1632 5195 orrrni
1650 5142 1749 5211 populo
1777 5141 1860 5196 totius
1876 5156 1920 5197 re·

1133 5213 1177 5281 gui
1195 5213 1228 5264 ad
1243 5214 1385 5267 oratioues
1401 5225 1548 5266 correersus
1569 5219 1596 5263 et
1617 5212 1817 5283 eleemosynas,
1833 5211 1918 5266 lilium

1134 5301 1148 5336 a
1165 5285 1219 5337 lieo
1233 5283 1323 5351 petiit,
1349 5296 1403 5336 nou
1419 5283 1453 5335 de
1466 5279 1569 5336 meritis
1583 5282 1640 5335 suis
1649 5281 1771 5348 jactans,
1793 5282 1840 5336 sed
1860 5283 1917 5335 sola

1135 5354 1181 5407 liei
1198 5350 1383 5408 misericordia
1406 5350 1556 5406 cotrhdeus.
1579 5351 1719 5406 Exauditae
1734 5362 1798 5406 sunt
1823 5365 1919 5420 preces

1134 5437 1227 5477 eorum
1257 5424 1283 5477 in
1303 5431 1452 5488 corrspectu
1469 5420 1589 5485 bantini,
1613 5423 1729 5477 ctdatus
1740 5431 1784 5477 est
1798 5424 1822 5475 ei
1836 5437 1850 5473 a
1865 5422 1920 5473 boo

1135 5492 1206 5547 hlirrs
1227 5493 1337 5548 nornine
1355 5491 1505 5562 Philippus,
1528 5496 1574 5562 qui
1594 5491 1920 5548 idcircoddeudatusdi-

1134 5571 1285 5617 cluseslA

1171 5632 1229 5703 (st)
1251 5632 1290 5687 Ει
1302 5633 1353 5687 hoc
1366 5630 1481 5703 epistola
1497 5632 1561 5687 licet
1572 5633 1701 5705 colligere
1720 5641 1825 5701 urranto
1837 5629 1919 5685 luerit

1135 5704 1162 5759 irr
1189 5704 1278 5772 pretio
1300 5701 1371 5771 apud
1399 5717 1488 5772 reges,
1506 5704 1641 5773 prim-ipss
1663 5704 1920 5774 ctarragoatesa'te·

1137 5777 1244 5845 phanus
1257 5782 1360 5840 noster,
1378 5782 1442 5828 tuuc
1458 5773 1541 5829 abbas
1556 5771 1586 5829 S.
1597 5770 1752 5830 Geuorclae.
