4425 6450
266 360 317 414 ill
751 364 942 422 nerstein.
962 393 998 406 —
1017 365 1107 424 erius
1127 367 1158 424 ll.
1179 368 1235 430 dil.
1257 371 1418 430 titi-ties.
1854 378 1908 437 lli

267 473 398 543 ailligltut
414 471 598 531 Christianus.
620 472 693 531 luter
709 477 758 532 lros
781 487 870 533 tamen
890 479 1024 549 singultus
1040 488 1066 532 et
1082 486 1102 542 Α
1118 484 1163 551 qni
1186 484 1309 552 sepulcra
1329 496 1436 552 patrum
1452 486 1634 551 aeaiidcalraut,
1659 504 1693 544 ue
1718 490 1847 547 mentorla
1861 510 1909 549 eo·

266 565 427 635 quotidiana
442 565 571 635 suspiria,
588 576 689 623 sancta
704 571 861 639 paternitati
889 582 986 628 restrae
1002 588 1064 641 pre·
1116 590 1187 642 runr,
1203 576 1247 644 qni
1267 577 1416 645 pruplretas
1439 577 1641 643 interfecerant,
1657 576 1738 650 235
1760 578 1906 638 deleretur.

268 670 315 712 ees
329 652 479 719 lundinms,
506 665 532 708 nt
560 655 691 712 iratrilms
712 660 817 714 nestris
841 661 911 731 apud
939 672 1063 716 sanctum
1115 666 1147 721 lli
1161 670 1281 735 rerequi
1298 670 1376 724 ironis
1397 670 1646 740 operibuspatrnm
1669 685 1783 725 snorum
1797 680 1909 727 eontra-

270 745 417 802 Vedastnm
432 746 713 819 (ididemorantilnrs,
726 750 897 819 inquantum
916 754 992 808 rolris
1007 752 1061 823 pla·
1115 758 1206 813 dicere
1217 760 1320 823 minut,
1333 770 1462 829 quantum
1477 760 1502 814 in
1520 761 1586 831 ipsis
1596 770 1647 825 est,
1660 763 1817 817 memoriam
1828 772 1909 819 aeter·

269 838 368 900 errerit,
384 838 515 906 parcatis,
529 851 556 894 rt
579 840 657 895 uubis
673 844 809 911 prestetis
824 843 875 899 lrue
889 845 1063 911 lreneilcium,
1116 866 1176 903 uam
1191 853 1217 906 iu
1233 868 1284 921 qua
1307 851 1373 921 justi
1390 862 1561 922 permanent,
1576 864 1604 908 et
1619 862 1769 909 extenuare
1790 863 1907 923 tentant,

269 940 369 1008 quilius
383 941 566 996 consuevistis
591 956 701 1011 semper
721 945 851 1001 ealrilrere
865 948 967 1002 ruitum
982 951 1063 1022 233
1114 954 1141 998 et
1152 947 1335 1001 exterminare
1348 945 1659 1004 coutemlnntdiecsunt
1671 945 1907 1011 erudiendi,Pa:er,

269 1032 385 1087 ltilarem
406 1040 433 1086 et
454 1031 615 1102 jucundum.
636 1031 800 1095 'lenuisest
820 1051 915 1090 eornm
934 1042 1062 1104 sacellus,
1111 1038 1250 1107 juvenculi
1267 1040 1316 1092 irae
1331 1054 1399 1093 nora
1424 1040 1562 1093 rotnnrate
1579 1042 1643 1101 sua',
1660 1037 1706 1106 qni
1723 1049 1816 1110 patres
1844 1054 1909 1094 suos

269 1139 320 1178 nec
334 1124 454 1178 distento
467 1125 561 1178 vivunt
576 1127 778 1197 rnarsnpio,qni
789 1129 845 1183 lere
855 1131 1062 1198 peririeuuium,
1113 1141 1140 1184 et
1155 1142 1271 1187 matrem
1296 1147 1373 1185 sunm
1396 1131 1527 1186 eslruiam
1550 1128 1732 1185 Parislensem
1756 1130 1908 1187 Ecclesiam

270 1216 409 1286 suspensis
431 1218 634 1288 parochialibus
650 1222 760 1290 organis
776 1222 842 1291 (77),
862 1233 950 1280 restro
973 1223 1063 1290 snlrja·
1114 1236 1166 1275 non
1191 1223 1337 1287 lmnorant,
1363 1238 1416 1277 non
1442 1231 1569 1276 verentes
1593 1223 1665 1291 quod
1688 1237 1736 1290 per
1762 1225 1909 1278 veritatem

269 1317 396 1375 euernut,
413 1323 461 1379 pro
477 1310 556 1380 culpa
571 1312 690 1377 consitis,
706 1313 853 1367 interdicto
867 1314 935 1383 t'lii).

487 1417 569 1490 234
586 1418 752 1475 eetsnots
773 1420 850 1476 ctt.

592 1528 626 1567 ΔΙ)
646 1528 742 1571 elenu.

270 1604 358 1677 lingat
370 1621 429 1660 eam
442 1620 490 1686 pro
503 1603 612 1658 ecelesia
627 1603 656 1661 S.
675 1603 800 1666 Victoris,
817 1616 844 1659 nt
862 1616 944 1661 seruet
959 1623 1063 1661 uruntur·

364 1679 400 1731 lio
425 1674 551 1729 Ecclesiae
576 1672 732 1728 Poriaierrsis
755 1678 817 1745 ipsis
838 1693 971 1732 concessa.

1113 1313 1213 1367 dicitur
1229 1330 1235 1366 :
1256 1312 1364 1365 Honora
1385 1322 1486 1381 patrem
1501 1321 1575 1365 tnnnr
1590 1324 1613 1364 et
1630 1321 1741 1367 arratreru
1757 1324 1783 1367 at
1796 1313 1833 1368 sis
1846 1313 1910 1367 lorr-

1113 1421 1200 1475 perus
1212 1420 1290 1474 anper
1301 1414 1398 1457 terreor
1418 1402 1517 1473 (Eroti.
1532 1404 1590 1471 ιι).
1604 1403 1677 1459 Sane
1700 1404 1909 1474 mactandarum

1112 1496 1306 1551 Parisicnsium
1322 1496 1461 1561 annualia,
1478 1497 1601 1552 ecclesiae
1626 1497 1719 1552 Sancti
1738 1497 1857 1553 llietoris
1872 1511 1908 1552 ex

1113 1589 1220 1658 integro
1240 1589 1343 1654 delreri,
1365 1598 1393 1643 et
1412 1590 1497 1656 ipsius
1519 1588 1650 1643 Ecclesiae
1669 1587 1835 1642 parisiensis
1852 1596 1908 1642 tam

1113 1677 1232 1748 episcopi
1245 1693 1327 1747 qnam
1352 1678 1463 1748 capituli
1480 1680 1667 1733 autlreuticnm
1688 1678 1852 1746 rescriptum
1868 1685 1910 1732 te·

307 1767 487 1824 Sanctissinro
512 1766 623 1822 domino
639 1776 667 1820 et
682 1767 769 1833 Patri,
784 1769 830 1823 Dei
846 1770 931 1839 gratia
956 1785 1061 1825 summo
1114 1780 1211 1831 statur,
1231 1778 1258 1825 et
1271 1779 1429 1825 sanctornm
1453 1769 1637 1824 Rornanorum
1653 1768 1812 1839 pontiileurn
1825 1766 1911 1838 priri-

270 1861 402 1933 pontidii,
418 1859 453 1915 ir.
477 1859 636 1916 Sreenauns
651 1861 684 1915 de
697 1860 798 1915 Sancta
813 1861 950 1918 Geuoreia
973 1864 1062 1919 dictos
1078 1832 1098 1890 Β
1114 1861 1182 1931 legia
1197 1862 1371 1926 ceulrrmarrt,
1388 1869 1415 1915 et
1431 1861 1492 1931 plns
1506 1877 1588 1931 troam
1610 1861 1763 1932 longissimi
1779 1858 1911 1929 temporis

271 1955 376 2017 atritas,
397 1953 479 2009 totins
502 1954 665 2009 obedientiae
690 1954 843 2010 derotionis
867 1964 894 2011 et
922 1957 1063 2012 servitutis
1113 1953 1284 2025 prescriptio
1309 1953 1381 2007 cirili
1409 1953 1488 2007 simul
1511 1964 1538 2009 et
1560 1956 1694 2009 carronieo
1711 1952 1773 2021 jure
1798 1953 1908 2008 clamat.

270 2038 476 2109 plenitudinem.
1114 2044 1213 2098 Sancta
1230 2043 1311 2098 etiam
1325 2042 1476 2112 paternitas
1490 2054 1581 2097 restra
1598 2058 1646 2113 pcr
1667 2042 1861 2097 discretionem
1880 2048 1910 2097 el

306 2131 456 2188 Prudentes
477 2143 505 2188 et
529 2145 655 2202 potentes
679 2137 706 2192 iu
725 2142 902 2210 generatione
926 2156 974 2195 sua
997 2142 1060 2206 riri,
1113 2137 1256 2191 seientiam
1273 2137 1350 2191 rubis
1362 2148 1389 2191 et
1403 2147 1506 2191 sarrctae
1522 2135 1653 2190 llumanre
1677 2134 1806 2190 Ecclesiae
1825 2135 1910 2190 aneo

270 2222 316 2288 qui
330 2225 532 2294 tarnerenports
548 2226 574 2279 in
589 2226 704 2282 ecclesia
719 2229 867 2284 l'arisiensi
882 2231 978 2285 titulati
994 2247 1061 2299 prae·
1113 2230 1223 2295 datam,
1238 2231 1310 2283 illins
1332 2230 1407 2284 rcrlri
1428 2231 1500 2299 quod
1526 2230 1552 2284 in
1574 2229 1717 2299 privilegio
1738 2229 1908 2288 enrrnnernr.

269 2321 364 2379 erant,
381 2315 526 2371 eeclesiam
552 2318 644 2372 Sancti
666 2317 783 2375 Victoris
807 2330 885 2377 tanto
908 2322 1061 2378 dilectionis
1113 2323 1273 2387 scilicet‚ex
1294 2322 1416 2393 integro,
1435 2322 1687 2390 interpretationem
1710 2318 1910 2390 scripsistis,et

270 2404 468 2475 :redemtionis
488 2408 585 2463 rudecto
603 2412 740 2480 prosecuti
756 2422 830 2479 snnt,
846 2423 875 2467 nt
893 2413 919 2466 in
933 2428 964 2467 ea
978 2428 1063 2470 sacrse
1114 2417 1179 2469 uiris
1204 2416 1383 2486 prudentibus
1399 2414 1572 2469 dtrclrateusi
1594 2425 1622 2470 et
1646 2413 1823 2468 drrrlriauensi
1845 2411 1908 2481 epi·

270 2501 575 2572 religionisodoretaetl
589 2504 690 2571 pariter
705 2519 737 2558 ac
751 2505 973 2575 tracti,pleriqne
986 2506 1061 2575 ipso·
1114 2509 1214 2577 scopis.
1234 2516 1262 2563 et
1273 2507 1365 2561 abbati
1379 2506 1544 2562 Proliaeensi
1560 2523 1613 2561 non
1630 2508 1814 2575 cognitionem
1832 2505 1909 2559 misr·

269 2610 330 2649 rum
344 2611 398 2650 nou
413 2594 500 2650 solnm
513 2593 669 2651 conterrent
684 2610 744 2663 sna,
760 2596 846 2651 sedet
861 2597 966 2665 seipsos
981 2595 1063 2650 oller·
1114 2599 1174 2660 stis,
1189 2600 1236 2654 sed
1250 2599 1456 2654 exsecutionem
1474 2615 1482 2653 a
1499 2598 1597 2667 quilms
1620 2598 1690 2653 sicut
1714 2612 1764 2651 nec
1788 2599 1908 2657 mandati

269 2697 332 2742 rent
348 2688 415 2757 (79).
433 2688 461 2742 ln
476 2688 528 2743 lroc
550 2688 670 2758 gloriose
689 2688 839 2746 certamine
860 2688 992 2761 largiendi
1012 2704 1062 2743 sna
1114 2691 1198 2746 nestri
1215 2691 1350 2747 veluntrm
1364 2691 1418 2747 iota
1433 2692 1496 2746 licet
1511 2691 1727 2761 praeterrrrittere‚
1746 2692 1784 2746 sic
1795 2708 1845 2747 uec
1863 2707 1910 2747 ro·

269 2781 351 2836 beato
366 2780 529 2849 regularium
557 2781 671 2851 collegio
696 2783 735 2837 sic
751 2791 779 2837 et
798 2782 916 2838 universi
932 2799 1064 2854 provoca·
1114 2783 1168 2851 lris,
1183 2784 1205 2838 si
1221 2784 1276 2839 dici
1296 2784 1386 2849 liceat,
1405 2783 1432 2838 in
1456 2784 1499 2838 iris
1522 2799 1583 2854 ane
1606 2783 1739 2839 canonice
1761 2782 1906 2840 statuistis.

268 2876 337 2929 lrant
355 2872 488 2942 singniqs,
507 2882 535 2927 et
554 2873 652 2944 singuli
669 2875 829 2941 lauricomos,
843 2884 873 2931 nt
893 2891 926 2930 ex
940 2876 1062 2946 singulo·
1113 2876 1242 2932 conrenit
1253 2876 1353 2946 ailquid
1365 2876 1521 2930 immutare.
1535 2873 1569 2930 tir
1583 2875 1657 2930 euim
1678 2874 1762 2930 verim
1775 2877 1909 2946 principis

269 2982 330 3021 rum
345 2963 522 3019 laenitatiins
543 2965 735 3034 praedtctorum
751 2965 848 3036 iuopia¹
862 2965 977 3022 fratrum
1000 2984 1064 3039 pos·
1115 2982 1237 3038 utamur,
1251 2971 1297 3039 qni
1317 2969 1395 3039 lenge
1418 2982 1497 3022 sacro
1510 2967 1664 3038 apostolatu
1688 2978 1780 3023 restro
1796 2968 1911 3025 inser-ior

271 3058 408 3114 sessiones
419 3064 447 3112 et
461 3057 582 3125 pecuniae
597 3058 772 3127 provenirent
791 3074 799 3113 r
820 3065 846 3113 et
864 3073 897 3111 ca
921 3059 1063 3116 uniuerso·
1114 3070 1166 3129 est,
1181 3058 1432 3130 interpretationem
1447 3059 1573 3127 interius
1584 3060 1776 3127 etaeqnitatem
1794 3060 1908 3127 positam

270 3165 332 3204 rum
347 3148 478 3205 benevola
493 3147 620 3206 simulac
644 3149 766 3205 lreuelica
789 3149 933 3206 devotione
952 3165 1062 3207 suarum
1077 3171 1100 3236 0
1116 3154 1193 3210 rolris
1204 3152 1270 3209 solis
1283 3160 1310 3207 et
1320 3159 1429 3222 oportet
1447 3159 1473 3204 et
1491 3151 1553 3206 iicet
1569 3151 1714 3221 inspicere.
1731 3150 1763 3204 Et
1779 3152 1908 3220 quoniam

272 3241 399 3298 annualia
416 3240 623 3312 praebendarum
640 3240 708 3312 (80).
728 3241 827 3296 Eorum
856 3243 928 3311 piam
950 3243 1062 3300 liberta·

273 3343 329 3387 tem
346 3332 393 3388 lilii
406 3332 451 3402 qni
464 3346 513 3402 pro
522 3332 646 3402 patribus
665 3333 722 3389 stris
733 3333 761 3389 in
777 3333 899 3390 Ecclesia
913 3334 1062 3393 Parisiensi

274 3427 330 3482 nati
346 3436 421 3486 suut.
437 3441 498 3480 cnm
520 3424 622 3480 imitari
637 3426 781 3493 deberent,
794 3428 937 3483 immutare
950 3437 1063 3483 conten-

273 3519 351 3585 dunt,
378 3517 562 3587 sequentesin
579 3515 631 3570 irae
651 3527 835 3586 partemnres
856 3533 924 3586 qnos
939 3535 992 3574 nen
1017 3535 1063 3575 cu·

274 3608 383 3663 luerunt
400 3616 490 3677 patres
514 3622 619 3670 eorum,
633 3616 663 3660 nt
678 3607 749 3677 quod
766 3607 802 3662 illi
819 3609 995 3665 contelerunt
1018 3609 1061 3664 isti

275 3699 401 3755 auferant
414 3717 421 3753 :
436 3699 507 3770 quod
531 3698 687 3754 extulerunt
704 3709 794 3766 extra,
807 3709 853 3756 aut
875 3702 946 3771 qnod
962 3701 1061 3759 lunda·

275 3803 372 3848 rerunt
388 3791 518 3849 ellodinnt
543 3802 571 3848 et
596 3791 748 3848 effundant.
766 3793 838 3849 Dura
856 3795 972 3850 illiorum
997 3808 1062 3849 con·

275 3887 352 3953 ditio,
365 3887 411 3957 qni
428 3902 477 3943 nec
498 3902 544 3942 eos
568 3886 594 3940 in
609 3901 690 3957 opere
705 3880 845 3942 contrario
867 3887 943 3957 sequi
960 3886 1063 3952 uolunt,

275 4024 436 4090 lrarouilrus.
455 4025 482 4081 iu
496 4040 549 4095 quo
567 4024 772 4082 innumerabilis
785 4025 901 4081 rnilitum
922 4025 1064 4082 multitudo

276 4110 324 4152 seu
350 4097 670 4166 peditum,sanctissirua
696 4112 778 4153 cruce
799 4098 919 4166 insigniti
947 4107 1021 4161 sunt,
1037 4108 1065 4151 et

275 4178 386 4289 gropter
402 4166 544 4222 instantem
562 4169 778 4234 necessitatem,
805 4169 904 4239 oppido
916 4173 988 4224 enim
1013 4169 1066 4221 iter

292 4237 531 4306 erosolymitauum
557 4253 603 4292 rex
620 4240 776 4302 allectabat,
792 4255 853 4293 eum
868 4253 982 4294 assensu
998 4238 1063 4294 cleri

276 4315 304 4360 et
321 4308 410 4376 populi
425 4309 558 4377 quasdam
572 4308 693 4363 decimas
709 4309 743 4363 alr
766 4309 893 4364 onurilms
907 4322 969 4365 esse
993 4311 1066 4363 acci·

276 4376 391 4446 piendas
409 4393 441 4431 eo
458 4385 561 4432 tanturn
589 4393 662 4432 anno
678 4380 809 4445 decrerit,
828 4393 889 4449 quse
902 4380 982 4436 dictae
1002 4386 1067 4436 snut

276 4446 390 4501 decime
408 4447 601 4503 Selaitadini.»

1115 3244 1305 3317 interpretatio
1326 3253 1415 3298 restra
1435 3242 1571 3312 generalis
1592 3250 1644 3303 est,
1667 3251 1695 3295 et
1723 3242 1878 3296 necessaria
1900 3258 1908 3295 ι

1115 3353 1241 3409 rogamus
1254 3351 1313 3403 ros,
1323 3335 1402 3391 Pater
1415 3346 1527 3401 sancte,
1540 3348 1591 3405 ego
1611 3336 1722 3389 minima
1738 3336 1825 3403 portm
1836 3333 1909 3389 irtio·

1115 3446 1173 3484 rum
1197 3436 1370 3493 uestrorum,
1386 3435 1414 3482 el
1437 3440 1531 3482 ornnes
1557 3436 1690 3497 quotquot
1716 3427 1908 3482 institutiones

1113 3522 1218 3577 ordinis
1240 3521 1335 3577 Sancti
1353 3519 1471 3576 Victoris
1486 3534 1535 3590 pro
1559 3534 1639 3590 posse
1655 3528 1750 3576 nestro
1777 3520 1908 3574 oirsrrra-

1116 3631 1192 3681 nms,
1208 3624 1237 3669 nt
1253 3614 1507 3684 interpretationem
1527 3626 1541 3664 a
1558 3613 1634 3668 nobis
1646 3612 1722 3682 juste
1737 3620 1764 3666 et
1777 3613 1909 3667 canonice

1114 3709 1246 3779 prolatam
1261 3707 1367 3764 iacietis
1380 3707 1495 3762 lirrniter
1507 3705 1694 3768 disseruerim
1707 3703 1909 3773 religiosissime

1115 3815 1147 3854 ac
1161 3799 1364 3855 ordinatissime
1380 3798 1505 3854 ecclesiae
1526 3796 1618 3851 Sancti
1634 3794 1755 3850 Victoris
1766 3795 1828 3864 jora
1844 3809 1911 3848 eon·

1115 3890 1231 3945 seeretis
1244 3891 1362 3959 integra,
1378 3903 1413 3943 ne
1429 3887 1509 3954 iorte,
1525 3887 1598 3956 quod
1614 3886 1706 3941 alsit!
1721 3884 1774 3938 diei
1790 3886 1875 3955 possit
1893 3900 1908 3939 a

1117 4025 1240 4085 canonici
1269 4025 1300 4079 B.
1327 4024 1362 4080 it.
1388 4024 1461 4079 inter
1485 4030 1634 4079 canonicos
1665 4022 1759 4077 Sancti
1791 4023 1911 4082 Victoria

1116 4097 1226 4166 ascripti
1241 4107 1321 4161 snut,
1336 4094 1441 4151 scilicet
1457 4094 1622 4162 Steplranus.
1639 4104 1666 4149 et
1685 4103 1714 4148 nt
1737 4094 1825 4163 placet
1842 4110 1908 4149 tmu-

1117 4169 1207 4230 nuilis,
1219 4166 1295 4229 ilde,
1308 4165 1439 4236 episcopi.
1452 4165 1586 4220 llernerus
1600 4164 1718 4219 decanus
1739 4169 1824 4222 Adam
1840 4179 1911 4233 prae-

1117 4248 1222 4299 centor,
1235 4235 1419 4299 Tireolraidus,
1436 4234 1600 4299 Bernartius,
1616 4247 1642 4289 et
1658 4234 1799 4294 linuritius
1811 4234 1910 4290 arciri·

1117 4308 1221 4367 diacoui
1240 4316 1267 4361 et
1280 4306 1405 4362 canonici
1424 4305 1605 4361 Parisienses.

1152 4378 1209 4448 (80)
1222 4377 1358 4432 Proventu
1384 4391 1474 4430 arrruro
1499 4375 1649 4446 prebenda·
1664 4379 1786 4434 vacantis
1801 4377 1829 4432 iu
1854 4373 1907 4431 Ec·

1117 4450 1198 4507 clesia
1212 4448 1242 4502 ll.
1261 4446 1352 4501 itariae
1363 4445 1525 4502 Pulsiensis
1539 4447 1658 4515 gandent
1682 4449 1807 4504 canonici
1825 4459 1906 4515 regn·

312 4516 369 4586 (76)
384 4517 503 4572 Ecclesia
518 4519 546 4572 S.
565 4518 673 4576 vedasti
688 4522 759 4590 apud
771 4520 940 4577 Firmitatem
959 4520 1067 4576 Milonis
1083 4513 1104 4568 D
1118 4523 1188 4576 lares
1200 4519 1229 4573 S.
1253 4515 1378 4581 Victoris,
1400 4531 1453 4586 quo
1475 4515 1536 4586 jure
1560 4515 1688 4572 iruuntur
1712 4518 1771 4574 nttae
1793 4515 1910 4571 abbatiae

276 4586 375 4642 donata
396 4588 446 4643 luit
468 4589 590 4644 ecciesiae
616 4592 645 4646 S.
671 4591 815 4647 Geuoreire
835 4591 997 4646 Parisiensis
1017 4605 1065 4660 per

277 4656 412 4727 llilgoturu
437 4657 661 4716 suessionensem
686 4659 841 4732 episcopum
866 4670 896 4717 nt
915 4660 971 4730 jam
997 4661 1066 4718 diri·

277 4742 349 4781 mus.

313 4797 371 4868 (77)
385 4800 490 4871 Accipit
506 4801 549 4858 lric
572 4812 679 4870 partem
695 4810 821 4870 prototo,
844 4815 944 4870 organa
960 4801 1066 4858 scilieet

278 4883 327 4936 pro
338 4871 410 4924 omui
423 4882 503 4925 cantu
515 4883 542 4928 et
552 4875 631 4928 ellicii
649 4871 734 4925 divini
748 4872 942 4926 celebratione.
957 4871 1065 4943 Organa

278 4949 370 4993 antem
394 4954 533 5010 creperum
554 4959 614 4998 esse
628 4943 655 4997 in
671 4955 720 4994 nsu
735 4940 761 4995 in
774 4941 896 4996 ecclesiis
908 4940 1002 4997 cattia
1015 4942 1066 4999 snb

278 5007 406 5077 Pippiuo,
426 5026 496 5066 anuo
518 5014 589 5078 757,
602 5023 631 5066 ιιι
653 5011 737 5067 relect
759 5011 928 5081 Eginlrardns
942 5025 974 5064 :r
995 5010 1067 5066 Con·

278 5081 395 5134 stantius
409 5083 555 5149 imperator
567 5083 682 5152 Pippino
700 5081 783 5135 multa
799 5081 873 5136 misit
885 5095 1007 5146 munera,
1024 5082 1066 5135 iu-

279 5157 321 5200 ter
332 5164 391 5217 qnae
406 5158 434 5205 et
448 5167 559 5221 organa,
575 5170 635 5222 qnae
654 5155 763 5206 adeum
783 5150 809 5204 iu
824 5153 989 5219 tlnrnpcndio
1004 5151 1066 5206 nilla

277 5229 471 5343 perrgrrgrrrrrt,
484 5226 527 5279 nlri
542 5236 605 5278 tnnc
621 5222 711 5294 pepuli
724 5223 767 5281 sni
778 5222 930 5292 generalem
950 5236 1068 5277 convert·-

280 5297 335 5343 tnm
360 5306 383 5342 m
406 5292 454 5344 nit.
475 5311 485 5345 r

314 5360 370 5429 (tri)
388 5360 497 5417 Videtur·
511 5364 561 5420 lroe
572 5363 744 5419 interdictum
754 5365 780 5418 in
794 5362 933 5417 dioecesim
944 5362 1067 5418 Suessio-

278 5442 390 5509 neusem
403 5431 485 5488 tarum
501 5435 571 5490 idem
586 5449 682 5488 esseae
696 5434 759 5489 illud
772 5436 864 5501 dequo
873 5433 1067 5488 meurinittlnn·

280 5508 441 5566 trpratnnns.
456 5505 503 5560 iilr.
517 5521 553 5568 u,
568 5520 655 5575 capr
673 5522 680 5560 ι
700 5523 709 5557 ι
730 5505 789 5559 itui
805 5505 978 5558 Suessionem
998 5505 1066 5559 civi·

280 5578 362 5647 tatem
376 5572 402 5626 in
419 5573 504 5628 Gallia
526 5575 798 5630 excommunicationi
822 5573 989 5642 subjacuisse
1008 5576 1068 5629 rlin·

282 5648 347 5722 turs,
356 5650 383 5695 et
396 5645 505 5702 nonnisi
520 5647 571 5701 suli
581 5643 686 5702 silentio
700 5645 815 5702 clericos
830 5645 920 5701 diuina
937 5646 1066 5716 mysteria

283 5722 463 5769 rrzrrrrstrasse.
482 5735 491 5767 r

321 5781 377 5853 (79)
394 5783 518 5840 norrnnttt
541 5783 669 5856 presules
693 5785 873 5852 Pandemos,
897 5794 924 5842 et
948 5785 1069 5857 plerique

1116 4590 1238 4661 ejusdcm
1265 4586 1370 4641 ordinis
1393 4587 1419 4640 in
1446 4587 1529 4642 uariis
1553 4586 1628 4653 regni
1644 4589 1859 4650 eatlrrrdrnlilrns,
1878 4595 1909 4640 ιιι

1116 4656 1502 4721 AureliisCarrurtidutlriaui,
1515 4664 1568 4710 cte.
1579 4657 1645 4722 due
1659 4657 1767 4724 quidem
1780 4655 1908 4712 auunalia

1117 4732 1150 4785 ad
1168 4731 1219 4784 iror.
1242 4728 1295 4782 iliis
1318 4741 1448 4782 concessa
1471 4725 1644 4796 potissimum
1667 4727 1792 4791 iuernnt,
1812 4737 1842 4779 ut
1858 4741 1908 4794 pro

1116 4801 1245 4856 tleluncto
1260 4797 1395 4853 canonico
1410 4811 1505 4866 preces
1528 4794 1640 4850 irmdere
1661 4807 1828 4851 tenerentur.
1845 4797 1908 4850 Ste-

1117 4873 1223 4940 plranus
1245 4877 1336 4922 antem
1361 4866 1525 4920 Parisieusie
1546 4866 1690 4936 episcopus
1711 4866 1756 4920 illa
1783 4867 1909 4921 attribuit

1118 4939 1255 4995 canocicis
1267 4936 1426 5000 iictoriuis,
1439 4946 1469 4991 nt
1485 4936 1583 5004 iegitur
1599 4936 1625 4988 in
1642 4952 1737 4994 eorum
1750 4935 1908 5005 decrelugio

1118 5025 1144 5063 tu
1157 5008 1268 5063 Kalend.
1281 5006 1394 5076 augusti
1412 5021 1419 5057 ε
1439 5023 1449 5056 ι
1467 5006 1690 5064 durrirersarinrn
1714 5007 1764 5077 pta
1780 5013 1910 5061 recorda·

1119 5081 1200 5134 tionis
1214 5077 1343 5147 Steplrani
1370 5074 1532 5132 Parisieusis
1549 5079 1681 5148 episcopi,
1692 5078 1738 5148 qui
1751 5079 1778 5132 iu
1791 5078 1845 5131 rita
1858 5090 1907 5129 sua

1118 5151 1189 5204 lrauc
1212 5159 1333 5203 nostram
1360 5144 1504 5201 ecclesiam
1530 5148 1647 5202 ruimlrili
1672 5150 1770 5204 alieetn
1794 5149 1908 5201 sincerae

1118 5219 1271 5274 dilectionis
1282 5217 1458 5288 amplectens,
1472 5217 1554 5272 multa
1569 5232 1596 5272 er
1623 5218 1759 5285 magnaei
1776 5214 1907 5271 ireneireia

1118 5289 1271 5353 conferens,
1293 5288 1403 5358 dignum
1427 5298 1454 5342 et
1475 5300 1632 5357 perpetuum
1654 5289 1696 5342 sui
1737 5285 1856 5340 nourints
1879 5293 1908 5339 et

1119 5363 1220 5416 amoris
1243 5357 1402 5415 rnernorialc
1417 5360 1533 5426 posteris
1556 5359 1710 5427 dereliquit,
1726 5356 1862 5427 siqnidem
1878 5354 1906 5410 itt

1118 5431 1244 5486 ‹rrrruilms
1268 5428 1390 5484 eeclesiis
1406 5434 1432 5482 m
1448 5428 1545 5498 quilms
1570 5429 1815 5496 praelrcnrlresunt,
1839 5436 1906 5490 prae·

1120 5499 1220 5555 terreas
1241 5497 1362 5570 singulas
1378 5498 1462 5552 dedit.
1483 5499 1509 5551 ln
1521 5499 1619 5552 seniori
1633 5496 1748 5554 ecclesia
1765 5495 1793 5548 ti.
1815 5493 1907 5549 liariae

1119 5571 1303 5646 prebendam,
1324 5584 1404 5624 unam
1421 5569 1447 5621 in
1468 5567 1584 5623 ccclesia
1601 5571 1629 5622 s,
1649 5566 1779 5631 llareelli,
1796 5563 1825 5619 S.
1838 5562 1907 5619 Ger·

1121 5641 1192 5698 mani
1205 5640 1449 5697 altissiodorensis.
1464 5638 1493 5691 S.
1507 5636 1614 5692 llartini
1632 5640 1666 5693 de
1680 5634 1827 5706 Cnrnpellis
1838 5650 1907 5705 prns-

1120 5711 1235 5768 lrendam
1250 5726 1344 5776 unam,
1355 5710 1428 5766 dedit
1441 5711 1522 5765 etiam
1538 5710 1615 5764 tronis
1631 5709 1656 5763 in
1671 5707 1796 5764 erunibus
1807 5720 1906 5776 snpra·

1119 5783 1198 5838 dictis
1217 5780 1338 5842 ecclesiis
1353 5782 1477 5838 arruuaiia
1489 5779 1706 5852 praebendarum,
1724 5797 1733 5833 r
1748 5785 1802 5835 etc.
