4425 6450
176 341 195 410 ,Ι

176 441 194 508 i

176 530 192 588 ι

176 785 201 866 is

256 410 311 467 lid

470 520 638 577 EPlSTOLb
656 522 845 581 canutam.

440 626 475 666 au
489 630 702 671 suessionenses
716 632 872 678 episcopua.

315 699 385 756 Petit
403 703 558 772 [ucriltntarn
577 719 772 763 sacramentam
790 714 1000 778 confirmationis

487 772 625 829 linrisiaci
645 778 825 837 rrtiniatrmrdi.

293 885 485 943 Suessioncnsi
502 888 631 960 episcopo
651 890 891 960 injustedamnum
909 896 943 951 ad
959 896 1051 952 debita

256 979 396 1045 solvenda,
407 980 551 1036 daumatns
564 984 664 1053 injuste
675 986 708 1040 ad
720 986 848 1041 lodienda
862 988 968 1043 metalla
980 989 1051 1061 (45),

256 1073 373 1127 salntem
385 1086 412 1127 et
424 1090 596 1130 communem
609 1079 758 1132 murmuris
769 1079 864 1142 inclusi
878 1080 1051 1148 patientiam.

292 1163 473 1218 illiserrimnm
494 1166 583 1222 solatii
602 1182 688 1237 gentas
704 1177 746 1223 cst
764 1170 831 1224 velle
847 1171 947 1226 babere
961 1165 1066 1228 s'ocioo‘

256 1256 283 1309 iu
296 1270 397 1323 paena,
415 1256 472 1310 sive
489 1272 567 1325 pares
581 1260 638 1313 sire
654 1259 777 1329 dispares
793 1262 848 1315 sint
863 1262 889 1315 in
908 1262 1003 1331 culpa,
1020 1269 1051 1323 ut

257 1354 386 1414 tarrmram
403 1362 435 1399 ex
451 1348 644 1418 corrinnctione
656 1349 780 1415 alterins,
798 1351 926 1407 leuiorem
939 1367 1048 1424 poerram

255 1436 357 1491 sentiat
381 1437 547 1493 ritlrreratus.
581 1439 666 1509 liujus
686 1441 772 1512 culpe
794 1443 972 1500 simulacrum
995 1460 1048 1501 non

256 1526 391 1590 adorans,
419 1527 467 1581 scd
494 1525 663 1597 abborreus,
690 1536 731 1587 sic
755 1530 936 1589 inlortuniam
958 1550 1047 1591 meum

255 1621 370 1693 plango,
394 1631 424 1676 ut
443 1623 503 1679 sine
518 1625 603 1693 ipsius
617 1627 800 1685 diminutione
814 1639 841 1685 et
855 1642 948 1689 restro
962 1632 1048 1688 dolori

255 1711 426 1779 condoleam,
435 1722 565 1770 etvestrac
573 1719 724 1787 compatiar
731 1723 860 1792 passioni.
871 1722 1048 1787 Crediderim

255 1802 493 1872 289nreiuloco
503 1805 664 1862 terribilium
671 1809 836 1879 judiciorum
848 1829 927 1883 posse
937 1825 1048 1884 pontem

739 411 930 469 EPlS'IOlAE.
949 440 985 456 -·
1003 414 1093 474 tatas
1112 415 1157 473 tlt.
1176 417 1234 473 aa.
1254 418 1417 488 titolum.

1839 426 1895 486 ιιι

1065 533 1217 599 ,inlaturi
1236 534 1263 589 Si
1280 549 1426 605 percussus
1440 535 1522 592 inerit
1536 535 1707 605 incantator,
1725 539 1789 611 ouis
1800 546 1894 601 mede·

1102 613 1177 676 bitur
1194 622 1238 679 eil
1263 622 1323 678 iarn
1339 624 1423 692 iudex
1441 624 1486 680 ille
1509 627 1554 681 cui
1577 641 1649 695 saepe
1669 629 1786 685 diciturz
1814 631 1893 688 Oceli

1103 708 1143 760 tui
1155 709 1258 763 rideam
1274 713 1425 782 tenuitatem
1443 711 1531 783 (Paul.
1560 716 1636 785 xri),
1661 726 1761 773 terram
1775 719 1893 791 inyyacdi·¹

1103 808 1148 855 tur
1163 802 1269 859 duabus
1284 805 1346 868 riis,
1360 813 1387 858 et
1402 806 1576 862 claudicatio
1593 808 1661 864 duas
1675 820 1779 880 partes,
1793 820 1820 868 ct
1831 826 1893 883 quae

1102 891 1188 947 semel
1201 892 1328 949 delalriis
1341 896 1398 951 suis
1412 907 1623 965 processerunt,
1638 913 1692 955 aon
1707 900 1814 955 dubitat
1827 901 1892 957 irri-

1104 986 1174 1037 tare.
1193 981 1260 1050 Quis
1274 984 1442 1055 igiturdabit
1453 989 1535 1057 capiti
1551 1002 1612 1045 meo
1624 1004 1740 1059 aquarn,
1759 1002 1787 1047 et
1805 993 1892 1050 oculis

1100 1073 1169 1127 meis
1184 1073 1286 1129 lontcm
1299 1076 1495 1147 lacrymarum,
1509 1087 1539 1132 ut
1552 1080 1654 1149 plorem
1669 1098 1721 1137 non
1734 1083 1892 1140 interlectos

1101 1164 1191 1235 populi
1202 1168 1265 1232 mei,
1282 1168 1330 1222 sed
1342 1180 1465 1238 pastores
1480 1170 1570 1240 populi
1584 1172 1655 1237 inci,
1670 1176 1717 1228 sed
1731 1175 1882 1244 principem

1099 1256 1261 1324 pastorum?
1290 1256 1383 1314 Satius
1407 1267 1498 1315 autem
1523 1272 1682 1339 reputamus
1704 1264 1891 1333 suspensionis

1100 1358 1180 1411 onus,
1203 1356 1234 1403 ut
1254 1346 1422 1418 animisque
1444 1349 1556 1416 dicitur,
1586 1351 1722 1406 bonorem
1742 1354 1890 1417 sustinere.

1099 1450 1181 1505 quam
1198 1440 1371 1494 occasionem
1388 1440 1509 1495 scandali
1525 1449 1552 1496 et
1566 1451 1704 1512 perpetuae
1721 1441 1891 1499 contusionis·

1099 1529 1276 1584 seminarium
1294 1530 1443 1588 Gallicane
1464 1532 1596 1589 Ecclesiae
1615 1534 1762 1589 suscitare.
1789 1532 1890 1589 ilerum

1099 1634 1134 1674 ae
1145 1622 1278 1690 nosipsos
1288 1631 1393 1679 tantum
1403 1623 1531 1696 plangere
1541 1625 1693 1691 rideantur,
1706 1625 1826 1681 decorde
1836 1639 1891 1678 non

1098 1710 1888 1783 llctovobiscompatimur,vobiscondolentes,robiscon·

1099 1801 1248 1870 gaudemus
1269 1803 1370 1874 291,
1393 1806 1521 1875 quoniam
1541 1805 1612 1860 inter
1628 1806 1729 1877 Syllam
1742 1813 1771 1862 et
1784 1804 1890 1889 Clrary·

256 1892 365 1960 lacere,
391 1909 440 1963 per
460 1912 540 1966 quem
562 1899 704 1967 pontifices
722 1902 769 1958 alii
789 1906 936 1960 transitum
957 1890 1889 1967 solent⁸'bdlffl”militmnil'ltisslessllll0‘ll10ffl0i0idl¹⁰f¹¹¹¹¹¹

257 1983 370 2043 babere.
390 1984 443 2041 Sed
461 2002 525 2044 ecce
543 1998 690 2059 tempestas
710 1995 842 2063 invaluit„
867 2007 893 2053 et
909 1998 1047 2055 intumue-

255 2082 320 2129 runt
331 2090 419 2146 aquae,
437 2086 465 2132 et
487 2082 609 2137 excrevit
623 2091 730 2140 torrens
745 2088 790 2157 qui
804 2090 972 2145 transvadari
990 2105 1045 2147 nou

254 2174 354 2236 potest,
368 2176 397 2222 ut
407 2181 537 2225 occurrat
548 2173 613 2227 mibi
627 2173 698 2229 urrde
710 2177 812 2245 possim
835 2179 940 2235 dicere:
951 2176 1045 2233 Forsi-

254 2264 300 2309 tarr
313 2259 493 2327 pertransisset
515 2262 706 2322 insufficientia
723 2282 781 2321 mea
797 2284 893 2338 anteana
913 2268 1044 2331 intuleras

254 2346 330 2403 illem
349 2347 446 2421 (Psal.
467 2354 580 2423 exitu).
602 2355 711 2413 Secessi
738 2358 847 2413 interim
868 2361 902 2414 ad
925 2370 1044 2429 tempas,

176 2443 195 2526 ἰ
254 2448 283 2496 el
295 2440 322 2497 iu
334 2444 461 2510 parocbia
474 2455 562 2500 tcstaa
575 2447 662 2503 locum
673 2450 924 2519 quictisetsilentii,
936 2467 1042 2509 suoram

176 2525 190 2554 ἡ
253 2530 372 2603 ²¹³q¹¹³¹¹¹
388 2536 529 2604 iacturas,
553 2539 621 2610 elegi
644 2543 714 2612 apud
731 2541 905 2598 blarisiacum
919 2582 928 2609 ,
944 2545 1045 2600 sedens

252 2626 393 2682 solitarius
409 2640 435 2683 ct
452 2638 556 2695 tacens,
572 2633 594 2684 si
611 2634 682 2687 iorte
697 2634 832 2703 respirare
846 2636 947 2703 possim
962 2651 977 2690 a
992 2652 1044 2706 pu·

251 2716 440 2772 sillanimitate
461 2720 577 2787 spiritus
600 2731 628 2776 et
651 2733 822 2793 tempestate.
860 2724 894 2781 Et
914 2729 1042 2796 quioniam

250 2806 330 2861 rnarlti
346 2807 572 2874 parochianorum
590 2822 742 2867 vestrorum
759 2814 792 2867 ad
809 2829 851 2869 nro
867 2818 994 2884 veniunt,
1014 2827 1043 2873 ut

246 2887 293 2952 ¹eis
317 2911 429 2952 marram
450 2899 681 2955 conlirmatoriam
704 2901 860 2971 imponam,
884 2905 917 2959 de
934 2905 1044 2964 licentia

250 2996 353 3050 restra,
376 2989 398 3042 si
421 2989 496 3044 tobis
521 2990 621 3058 placet,
648 2992 674 3046 id
696 2991 809 3064 luciam,
833 2994 860 3048 in
881 2997 932 3051 boc
951 2995 1043 3054 olllcio

250 3090 343 3134 tester
358 3080 488 3135 obediens
503 3090 530 3136 et
549 3082 667 3137 samalus
680 3093 708 3140 ct
724 3088 863 3148 minister.
885 3088 951 3142 ilnri
964 3089 1042 3143 laabi-

1096 1998 1126 2039 se
1141 1984 1260 2051 pandent
1269 1986 1435 2054 pervenisse.
1447 1987 1530 2042 Nobis
1542 1995 1608 2043 sane
1627 1988 1811 2058 gratissimum
1829 1999 1890 2042 csse

1096 2073 1241 2140 noveritis,
1253 2086 1280 2129 ut
1292 2090 1345 2130 non
1358 2077 1448 2132 solum
1461 2078 1488 2133 ia
1501 2077 1560 2134 loco
1571 2079 1617 2135 illo
1630 2079 1782 2143 secretiori,
1795 2092 1888 2137 rerunt

1096 2164 1182 2219 etiam
1201 2167 1228 2220 in
1247 2167 1362 2231 ecclesia
1378 2170 1533 2225 catiredrali
1547 2172 1621 2228 tices
1634 2170 1771 2241 pontilicis
1786 2177 1888 2236 restra,

1095 2258 1118 2313 si
1136 2257 1242 2328 placet,
1262 2263 1414 2329 paternitas
1434 2272 1614 2333 exsequatur.
1634 2261 1701 2318 lllud
1714 2263 1748 2318 ad
1762 2260 1889 2321 ultimant

1095 2347 1222 2403 rotimus
1234 2350 1335 2404 babere
1348 2368 1397 2408 ros
1411 2370 1467 2424 prae
1481 2356 1580 2419 oculis,
1598 2358 1671 2425 quod
1686 2354 1789 2427 praelati
1802 2350 1889 2409 nostri

1095 2454 1149 2494 non
1168 2454 1266 2495 aurum
1286 2443 1401 2511 pedibus
1423 2446 1480 2500 suis
1495 2446 1659 2516 subjiciunt,
1673 2447 1721 2502 sed
1735 2461 1786 2501 suo
1804 2442 1888 2515 capiti
1928 2527 1933 2541 .

1096 2542 1295 2600 superponunt.

1361 2645 1528 2704 epistota
1543 2648 1620 2705 CXC.

1112 2752 1146 2791 ΑΒ
1167 2751 1322 2795 ΙΑῦΙΠιιιιΙ
1341 2754 1488 2796 sananti!
1505 2754 1714 2798 cummim
1733 2755 1872 2799 taumati-
1889 2760 1893 2781 ¹

1439 2826 1537 2868 (ἓθιιιιΙ.

1096 2900 1228 2968 Queritnr
1247 2903 1281 2959 de
1295 2862 1652 3029 pratumiae'pzatdpropter
1671 2906 1758 2962 delita
1774 2904 1889 2963 indebite

1409 2991 1443 3043 pa
1458 2992 1482 3029 re
1500 2992 1570 3037 aar.

1128 3088 1318 3145 Considerans
1333 3091 1463 3161 abyssum
1481 3090 1606 3160 concepti
1627 3089 1720 3156 debiti,
1734 3099 1762 3145 et
1775 3102 1888 3147 voraces

250 3177 313 3223 tans
325 3183 396 3238 saepe
407 3180 525 3226 retracto
537 3170 600 3226 illud
614 3171 749 3233 disticbon
762 3177 838 3234 Sollii
852 3179 956 3236 Sidonii
965 3179 1039 3254 (ibit
1055 3217 1078 3276 c
1094 3184 1212 3254 improbi
1228 3182 1332 3240 leporis
1342 3198 1451 3238 morsus
1464 3182 1627 3250 erlrorrens,
1640 3182 1711 3238 lacta
1727 3182 1887 3239 collectione

290 3261 412 3330 dapidus
427 3263 475 3318 iste
488 3265 585 3331 placet,
599 3271 824 3342 parapertiatrsryae
838 3289 969 3339 recessus,

318 3350 354 3407 Et
368 3370 440 3421 casa,
454 3359 496 3410 etti
509 3359 596 3414 oalrrro
624 3364 741 3422 culmino
754 3381 845 3434 pressa
859 3368 957 3433 latent.

419 3471 502 3542 29⁰
522 3472 864 3532 uetsuotaetxxxttt.

285 3581 314 3622 Ι·
333 3581 532 3624 suusstottettsts
550 3585 725 3710 Ειιιιὲιιιιμιιι)
738 3583 883 3624 uniscunttlt
901 3585 1003 3629 tonan-

550 3653 651 3694 OENSlill
703 3656 710 3690 l
730 3677 736 3693 s

334 3729 503 3788 Facultalcm
522 3734 629 3799 petitam
643 3733 814 3788 libentissime
827 3735 954 3789 concedit.

284 3821 404 3878 litteras
414 3822 847 3892 benignitatisrestraeyratantcr
856 3824 1039 3894 sirscepimut,

248 3913 392 3984 inquibus
411 3914 518 3969 dulcem
537 3915 673 3970 bonorum
693 3915 835 3971 misturam
857 3916 1041 3994 signavimus,

247 4021 274 4064 ut
294 4007 321 4061 in
343 4007 434 4062 verbis
454 4007 570 4076 lepidam
595 4006 776 4074 elegantiam,
800 4016 827 4061 et
844 4008 990 4077 jucundam
1010 4005 1039 4063 itt

249 4101 397 4155 sententiis
420 4100 593 4170 gravitatem.
621 4097 709 4152 l¹orro
734 4097 798 4152 lrinc
821 4098 904 4152 rerba
932 4097 1038 4168 legibus

245 4191 446 4256 accommoda,
472 4190 537 4245 hinc
552 4202 631 4242 sacro
652 4189 763 4258 eloquio
783 4187 950 4253 familiaria,
973 4188 1038 4243 binc

245 4282 336 4352 poetis
350 4280 512 4347 domestica,
526 4296 559 4334 cx
579 4279 745 4336 abundantia
760 4281 850 4336 cordis
862 4281 895 4335 ad
910 4291 1031 4336 nostram

245 4371 461 4428 consolationem
475 4373 557 4427 vestri
572 4374 659 4449 gratia
678 4373 879 4428 transmisistis.
894 4371 967 4428 Sane
981 4387 1036 4427 non

245 4479 296 4520 nos
310 4464 377 4519 adeo
393 4465 535 4534 perturbat
554 4463 689 4518 transiliarc
712 4464 931 4528 incommodum,
953 4475 1034 4532 quam

1095 3276 1224 3331 binorum
1247 3275 1383 3330 redituum
1409 3271 1670 3328 notrsullicientium
1692 3271 1833 3336 solutioni,
1851 3272 1887 3326 ti·
1970 3288 1976 3297 ·

1043 3420 1045 3425 .
1094 3381 1172 3421 more
1187 3368 1332 3422 concutior
1348 3373 1376 3421 et
1386 3375 1504 3435 terrore,
1516 3381 1563 3430 ne,
1575 3367 1647 3436 quod
1659 3366 1746 3422 absitl
1759 3363 1886 3422 obliviosi

1094 3458 1180 3512 nostri
1195 3456 1366 3528 precipitem
1378 3471 1479 3528 sequar
1492 3449 1610 3524 exitum,
1619 3466 1648 3513 et
1659 3457 1753 3513 relicta
1768 3458 1885 3514 sindone

1093 3549 1185 3602 truilos
1200 3549 1352 3620 arrbryiam.
1368 3549 1629 3603 ilursusattendens
1644 3548 1792 3619 gratuitam
1808 3548 1884 3608 beni,

1093 3640 1225 3708 unitatem
1239 3639 1342 3694 domiui
1360 3639 1427 3704 mei,
1444 3646 1471 3692 el
1491 3638 1689 3695 beneficiorum
1705 3637 1791 3707 ipsius
1810 3639 1884 3711 circa

1092 3746 1137 3791 ane
1158 3730 1286 3801 copiosos
1310 3745 1424 3802 aggeres
1449 3730 1614 3799 suspiciens,
1637 3729 1768 3784 letiorem
1793 3729 1885 3793 babeo

1091 3821 1241 3885 sarcinam,
1257 3835 1318 3889 aynae
1337 3819 1521 3890 importabilis
1541 3820 1686 3875 ridebatur
1701 3837 1707 3872 :
1724 3827 1836 3888 paratus
1848 3819 1885 3890 ob

1090 3912 1153 3975 boc,
1170 3913 1193 3966 si
1211 3925 1325 3966 necesse
1349 3910 1441 3975 luerit,
1456 3910 1637 3980 peregrinari,
1651 3908 1759 3980 lugere,
1777 3908 1885 3980 mendiq

1090 4000 1357 4071 care.Tenrperabit
1376 4001 1543 4055 haecomnia
1569 4015 1618 4070 per
1642 4000 1758 4070 gratiam
1782 4000 1829 4054 ilci
1853 3999 1884 4055 li·

1091 4112 1174 4165 gratim
1191 4096 1218 4148 in
1231 4109 1301 4164 aqna
1318 4094 1444 4158 missum,
1464 4103 1493 4148 et
1506 4091 1589 4147 uttset
1609 4089 1696 4145 iarina
1713 4089 1882 4160 colocyntlri·

1090 4187 1139 4241 das
1153 4185 1214 4245 ollae
1227 4183 1310 4239 iaciet
1331 4184 1466 4252 mitiores,
1481 4182 1620 4252 quoniam·
1632 4180 1660 4237 in
1674 4195 1755 4235 anana
1777 4177 1881 4233 domiui

1089 4277 1142 4331 mei
1153 4275 1296 4331 llcrncnsis
1309 4274 1473 4331 corrrrnendo
1486 4271 1735 4344 negotiummcum,
1744 4280 1773 4326 ut
1788 4271 1833 4340 qui
1849 4271 1881 4324 ti·

1088 4370 1197 4424 berault
1211 4382 1255 4422 mc
1268 4368 1301 4422 dc
1321 4366 1434 4421 lornace
1455 4366 1558 4430 lerrea,
1573 4365 1699 4421 consulat
1715 4365 1779 4419 nribi
1803 4366 1881 4431 dana<

1089 4470 1156 4515 nato
1172 4460 1205 4515 ad
1222 4459 1348 4515 fodienda
1372 4459 1493 4514 mmalla.
1519 4458 1595 4514 Nurac
1615 4457 1713 4512 deinde
1728 4455 1882 4525 intelligere

245 4554 330 4609 totius
343 4555 470 4610 Ecclesia
482 4555 638 4611 scandalum
652 4556 789 4625 gerrerale.
811 4557 877 4623 Quis
889 4556 960 4612 enim
975 4553 1169 4630 siucpcoepi,
1188 4553 1316 4624 qnoniam
1332 4551 1414 4621 292
1432 4553 1547 4622 sbyssus
1562 4551 1734 4620 negotiorum
1765 4548 1881 4620 (litlin-
1933 4588 1936 4594 .

244 4646 335 4701 cordis
363 4649 559 4709 amaritudine.
579 4649 638 4704 sine
655 4650 837 4719 lacrymarum
855 4649 948 4714 laute,
975 4649 1036 4704 sine

245 4737 424 4805 crispinianum
446 4741 543 4795 crebra
566 4740 746 4810 replicatione
764 4742 854 4796 videat
873 4728 1036 4810 magistrum

244 4826 371 4884 Ecclesia
392 4829 477 4893 Petri,
504 4833 559 4888 imo
579 4832 681 4887 Christi
702 4834 852 4898 vicariurn,
874 4849 889 4888 a
912 4833 1034 4890 recitatis

245 4920 353 4988 tramite
376 4908 496 4991 «leviare,
526 4936 554 4980 et
576 4926 602 4981 in
616 4941 663 4982 ore
679 4924 764 4996 ipsius
776 4937 818 4984 est
847 4938 943 4985 elnon
959 4928 1034 4985 inte·

280 5051 337 5121 (lbi
358 5055 557 5125 Argumentum
574 5057 653 5125 bojas
667 5058 803 5127 epistolae,
823 5070 952 5130 quantum
968 5075 1034 5118 con-

241 5118 327 5187 jicere
340 5122 418 5188 licet,
436 5127 564 5194 estquod
582 5129 754 5183 carraccllariae
766 5130 895 5185 {turrianis
913 5130 1032 5186 ministri

242 5206 368 5270 inagnum
390 5198 511 5261 pecuniae
533 5211 665 5251 strnnuam
681 5209 831 5268 exegerunt
855 5215 869 5253 a
895 5198 1033 5267 Steplraoo
1057 5251 1060 5258 .

241 5275 371 5329 episcopo
385 5263 553 5320 'fornacensi
569 5282 617 5335 pro
631 5267 767 5322 solutione
781 5268 914 5323 bullarum
930 5268 1031 5338 plumbi

242 5328 373 5396 limatam,
397 5349 451 5402 qno
468 5337 575 5390 ditarat
599 5338 679 5405 epist.
699 5336 751 5407 lli
775 5339 870 5393 nudari
891 5338 1032 5394 ecclesias.

241 5396 311 5453 Cum
328 5415 381 5455 rron
402 5413 474 5459 esset
496 5420 547 5474 par
560 5406 707 5473 soluendo,
729 5417 840 5464 coactns
861 5408 911 5461 luit
926 5407 1031 5476 episco-

244 5477 341 5537 patum
360 5473 529 5542 relinquare,
542 5487 569 5529 ct
583 5489 630 5544 per
643 5475 709 5531 dnos
723 5492 808 5533 annos
824 5477 895 5546 apud
909 5476 1033 5533 blarisia-

241 5553 302 5597 cum
315 5540 400 5596 iillum
411 5542 591 5599 S.Genorele
600 5545 626 5598 in
635 5545 824 5608 suessionensi
833 5547 944 5602 diaecesi
959 5560 1033 5602 seco·

242 5605 320 5672 dere,
333 5619 363 5666 ut
397 5624 527 5669 rorerrtus
540 5614 665 5670 benenctt
680 5617 733 5685 sni,
747 5618 845 5686 quibas
857 5616 956 5672 debitis
967 5632 1032 5688 erga

241 5676 348 5733 our-iarn
371 5628 524 5737 {iomanem
548 5683 737 5750 satisfaceret,
761 5695 929 5751 reservarem
959 5685 1031 5756 nitori

241 5754 345 5807 tarnor
375 5750 426 5806 lnc
452 5753 564 5821 epistota
593 5768 674 5822 quam
704 5770 736 5812 cr
764 5756 887 5828 sequenti
913 5752 1032 5839 episcopi

242 5813 446 5880 Suesslancnsis
460 5822 586 5896 colliyerp
598 5833 650 5895 esp

1085 4654 1167 4701 uocat
1187 4645 1315 4715 abyssum
1341 4657 1539 4713 expensarum,
1563 4642 1678 4712 abyssus
1695 4655 1878 4712 expensarum

1085 4736 1193 4792 irrvocat
1205 4736 1332 4808 abyssum
1347 4737 1517 4805 rapinarum,
1529 4735 1647 4803 abyssus
1661 4733 1818 4800 rapinarum
1834 4732 1878 4794 in·¹

1086 4840 1168 4886 vocat
1189 4830 1319 4901 abyssum
1345 4828 1519 4885 inlcrnalium
1542 4841 1695 4896 poenarum.
1720 4823 1748 4880 st
1762 4825 1880 4900 diligens

1086 4923 1239 4985 calculator
1269 4922 1459 4986 saturabilium
1483 4919 1667 4993 prescirissct
1690 4919 1764 4990 putei
1794 4917 1879 4999 Rom,
1900 4938 1902 4940 ·

1121 5062 1178 5135 (tu)
1201 5061 1302 5119 Sollius
1332 5060 1497 5132 Apollinaris
1529 5057 1658 5114 sidonius
1687 5057 1879 5134 Arvernorum

1084 5134 1229 5203 episcopus
1257 5132 1369 5186 florebat
1391 5139 1463 5184 anno
1487 5128 1559 5196 li&
1591 5129 1682 5184 varias
1706 5136 1734 5182 ct
1758 5129 1876 5196 disertas

1084 5205 1198 5328 fcrtipsit
1209 5201 1423 5326 5ιιιιιιιιιοιιιιιὴυιᾶι·
1440 5202 1608 5325 iiiiiitffiem
1628 5199 1655 5253 ιιι
1677 5198 1708 5252 li
1730 5195 1877 5264 Volusiano

1098 5287 1125 5326 ra
1142 5289 1163 5326 rr
1181 5289 1206 5326 ιιι
1223 5287 1261 5325 an
1295 5288 1347 5335 a,r
1421 5289 1428 5323 r
1561 5308 1568 5322 .

1091 5332 1093 5336 ⁸
1122 5341 1180 5412 (ιι)
1199 5287 1394 5411 ilaecpepistola
1409 5340 1549 5396 Nivelonis
1560 5337 1678 5408 episcopi
1695 5334 1875 5395 assessionem

1083 5411 1124 5466 sis
1135 5411 1281 5482 respondet
1291 5409 1455 5481 precedenti
1466 5409 1517 5464 sibi
1530 5408 1643 5470 rrrissiea
1657 5405 1796 5473 Stephano
1806 5401 1873 5458 Tor·

1086 5483 1197 5537 nacensi
1215 5482 1343 5552 praesule.
1368 5481 1479 5536 ilidetur
1496 5485 1586 5540 autem
1609 5477 1682 5547 qarod
1700 5475 1771 5556 idern
1785 5473 1873 5542 patio«

1084 5551 1167 5605 batur
1182 5566 1329 5623 grarrameu
1344 5566 1359 5604 a
1372 5549 1455 5604 curiae
1469 5544 1597 5601 Romnum
1609 5546 1760 5604 atticiano.

1120 5621 1178 5690 (tt)
1202 5620 1305 5675 illludit
1331 5621 1365 5675 ad
1392 5619 1419 5674 id
1442 5617 1515 5686 quod
1534 5615 1638 5673 dicitur
1670 5612 1774 5685 psalmo
1800 5624 1874 5682 ιιι,
1925 5671 1938 5697 .

1086 5690 1203 5762 dlrysrtts
1218 5689 1340 5760 abyssum
1356 5690 1468 5746 inrorat.
