4425 6450
305 353 341 413 tt
718 359 915 420 slabtwlttzs.
932 395 968 405 -
988 364 1091 424 senti.
1110 366 1131 422 l.
1150 363 1187 420 td
1207 364 1371 423 doveano
1393 364 1522 426 ll0llllll.
1624 436 1629 445 ,
1909 368 1943 425 lt

278 428 285 440 ο
305 470 388 527 aliter
402 466 538 529 redimere
553 488 607 530 uon
632 482 737 544 potunt,
753 479 841 546 potuit
865 489 955 536 tamea
980 482 1230 555 liberaregamor
1255 483 1360 541 seculil
1383 482 1485 540 Oculus
1509 483 1593 540 etiam
1621 480 1767 557 ebaritatis
1795 482 1943 538 caecutiens

304 562 398 629 aliter,
412 570 442 618 ut
456 564 516 622 solo
528 564 620 635 jussu,
637 566 680 623 vul
694 584 727 624 eo
741 585 795 639 quo
808 571 941 628 voluisset
956 573 1036 629 modo
1052 589 1100 630 ca·

302 655 458 724 ptivltalem
486 658 604 724 tolleret,
624 668 654 716 et
677 662 823 730 repelleret
849 665 1006 722 invasorem
1034 667 1099 737 (luit

302 748 378 801 enim
392 748 462 804 :alius
481 754 577 807 modas
591 754 646 810 lico
659 755 807 824 possibilis,
822 758 893 813 sicut
906 761 1040 831 scripturn
1056 769 1099 818 est

305 838 414 910 (lierda
433 840 502 913 arx),
513 845 560 900 scd
573 848 630 902 bac
643 847 811 917 possibilitas
821 850 855 906 ad
869 853 1021 921 potentian
1032 853 1099 910 libe·

305 933 407 986 rororis
424 935 512 1004 magis
526 936 648 1006 respicit,
665 953 747 1008 quarn
766 940 800 995 nd
818 945 973 1012 aequitatem
994 946 1099 1000 redem-

303 1024 424 1092 ptionis:
438 1035 467 1079 nt
484 1026 511 1081 ia
528 1029 714 1098 redemptione
736 1032 873 1104 intelligas
890 1045 917 1089 ct
933 1034 1034 1102 justam
1051 1050 1098 1092 sa·

304 1114 489 1171 tissaetioaem
510 1118 614 1186 delicti,
631 1130 658 1175 et
681 1124 798 1192 pretium
818 1127 995 1197 captivitatis.
1012 1126 1095 1184 Redi·

302 1222 380 1263 mere
400 1211 471 1266 enim
486 1220 528 1267 est
549 1214 587 1267 rei
601 1213 728 1271 alienata
749 1214 801 1271 sub
813 1219 993 1275 astiaaattone
1012 1219 1097 1291 aequi·

300 1302 440 1370 pollentiae
456 1303 749 1372 prolambebant
764 1309 853 1365 adbuc
864 1310 917 1365 alia
934 1312 988 1368 duo
1010 1314 1095 1369 medi·

302 1393 402 1449 einalia
414 1410 429 1448 a
443 1398 616 1468 redemptore
630 1408 724 1455 nostro
735 1402 814 1457 uobis
824 1404 957 1472 eslrlbita,
968 1406 1096 1465 videlicet

302 1488 467 1554 canterium,
492 1500 521 1545 er
547 1493 714 1547 avrtidotum.
738 1492 895 1551 Cauterium
916 1512 971 1565 quo
998 1499 1095 1554 nociva

301 1592 473 1646 resecantur,
497 1586 656 1640 amaritudo
679 1595 721 1641 est
746 1586 961 1645 tribulationum.
985 1592 1096 1648 tlntido·

1152 575 1277 645 edicitur,
1292 577 1401 647 quando
1414 574 1527 632 allectus
1539 575 1707 642 dilectionis,
1720 573 1766 644 qui
1781 574 1864 629 neam
1876 588 1944 628 con·

1152 669 1276 741 templari
1295 670 1439 736 debuerat,
1454 683 1547 725 crassa
1569 669 1688 739 quadam
1708 669 1781 723 rvrvbe
1793 664 1942 724 obducitur

1150 762 1272 817 avaritiae
1296 771 1324 818 et
1349 764 1517 834 cupiditatis.
1533 761 1597 817 Tale
1621 776 1708 835 genus
1724 761 1866 816 bominum
1887 758 1941 814 illis

1150 853 1251 909 llelisei
1266 853 1424 910 irrisoribus
1442 864 1515 910 recte
1535 860 1722 923 eomparatur,
1738 852 1784 922 qui
1801 852 1864 906 dum
1893 866 1940 905 as·

1149 946 1277 1002 tenderet
1298 945 1325 1001 in
1348 946 1459 1002 domum
1474 944 1596 1008 bomini,
1614 943 1754 999 calvitium
1768 941 1827 1012 ejus
1843 941 1941 997 irride·

1148 1035 1311 1103 bant,uude
1334 1045 1362 1093 et
1387 1036 1460 1094 arsis
1484 1036 1518 1092 ad
1545 1034 1731 1091 devorandum
1760 1034 1852 1089 traditi
1877 1039 1941 1087 snut

1148 1127 1203 1201 (li'
1219 1128 1283 1199 licq.
1300 1129 1344 1201 rr).
1360 1128 1506 1187 calvitium
1529 1127 1630 1199 quippe
1643 1126 1756 1192 llelisei,
1773 1133 1818 1181 est
1839 1122 1941 1180 amari-

1148 1220 1213 1275 tudo
1226 1219 1446 1287 tribulationum,
1461 1228 1608 1291 paupertas
1622 1226 1649 1276 et
1658 1216 1800 1273 humilitas
1814 1213 1941 1271 Salvato-

1147 1310 1261 1380 ris,qaae
1272 1311 1568 1382 pueri,bocest,stulti
1584 1318 1723 1367 amatores
1734 1309 1814 1380 lanius
1828 1306 1935 1371 mandi,

1147 1404 1320 1470 irrident,vel
1335 1404 1444 1475 quando
1460 1406 1513 1461 boe
1528 1404 1638 1460 realiter
1662 1402 1776 1470 iaciunt,
1791 1400 1833 1457 vel
1851 1415 1940 1471 quaa-

1146 1494 1181 1549 do
1197 1509 1229 1549 ea
1244 1493 1346 1549 imitari
1362 1493 1465 1550 nolant
1481 1494 1559 1552 Unde
1580 1504 1608 1549 et
1627 1494 1710 1562 ursis,
1727 1494 1754 1549 id
1773 1502 1825 1558 est,
1844 1493 1938 1548 demo·

1146 1586 1226 1642 nibus
1260 1588 1294 1641 ad
1327 1588 1512 1644 devorandum
1553 1587 1709 1653 traduntur,
1733 1594 1763 1641 ut
1796 1585 1824 1640 in
1850 1586 1939 1655 poeais

301 1680 359 1726 tum
376 1688 440 1730 vcro
455 1678 527 1745 quod
544 1688 639 1734 contra
656 1694 761 1735 venena
777 1680 867 1747 datur,
885 1694 928 1738 est
948 1683 1015 1738 illud
1034 1685 1094 1739 sia·
1145 1688 1294 1749 agnoscant
1317 1688 1468 1750 potentem,
1493 1695 1574 1751 quem
1595 1681 1622 1735 in
1650 1680 1732 1737 terris
1754 1678 1939 1748 despexerunt

299 1764 398 1835 gulare
416 1769 543 1824 vitiorum
572 1771 734 1837 remedium,
758 1772 865 1829 scilicet
884 1776 971 1831 virtus
986 1777 1094 1832 lrarnili·
1145 1770 1288 1826 bomilcar.
1303 1770 1371 1827 Vere
1387 1772 1514 1828 irrisores
1528 1781 1603 1837 sunt,
1623 1787 1676 1827 noa
1693 1770 1855 1825 imitatores.
1874 1765 1939 1822 lrri·

299 1859 376 1914 tatis.
394 1858 446 1914 lsta
460 1861 513 1916 duo
524 1863 550 1916 iu
566 1862 683 1918 sormam
699 1865 760 1919 vitae
776 1864 854 1921 uobis
868 1868 1091 1938 proposuit,qaia
1109 1861 1242 1921 Bdereat
1266 1862 1351 1930 enim,
1374 1864 1402 1918 ni
1416 1862 1506 1927 r³¹¹0t·
1520 1862 1587 1916 retia
1600 1861 1685 1927 Pelii,
1707 1856 1938 1917 ⁸00¹¹⁰s³⁶¹⁰fi²ffl

298 1964 353 2006 noa
364 1951 432 2007 satis
442 1953 661 2010 eratlibertatem
672 1956 795 2022 reddere,
805 1958 983 2028 alsipervitae
994 1961 1094 2016 saneti·
1146 1953 1223 2010 Pauli
1234 1995 1242 2020 ‚
1272 1970 1368 2011 20112111
1395 1954 1537 2025 pelliceam
1561 1953 1675 2009 loannis
1687 1952 1826 2023 Biblislae.
1837 1962 1938 2020 badim

298 2053 385 2097 tatem
414 2046 625 2103 custodiretur:
648 2048 695 2102 sed
719 2064 770 2104 uec
788 2049 897 2105 aliunde
920 2051 954 2105 ad
977 2052 1093 2121 patriam
1152 2047 1363 2105 subcinericium
1376 2040 1938 2115 ileliae,nuditatemllartini,sedetinsa·

295 2145 377 2206 pater
402 2138 515 2203 reditus,
536 2137 590 2195 nisi
614 2138 641 2195 ia
665 2144 873 2199 conversatione
891 2143 1027 2200 humiliet
1043 2161 1093 2215 pa·
1145 2140 1219 2195 uiam
1242 2150 1400 2211 reputarent
1415 2140 1504 2212 ipsum
1530 2140 1643 2196 asellum
1677 2135 1836 2196 salvatoris.
1862 2131 1886 2189 0
1912 2133 1937 2189 si

297 2228 396 2284 tieatia
408 2230 627 2289 tribulationum.
1144 2233 1279 2291 latrailiarc
1301 2234 1379 2291 nobis
1404 2235 1511 2291 deeset
1528 2233 1693 2305 exemplum,
1710 2240 1738 2287 et
1753 2246 1803 2288 nos
1829 2230 1873 2300 qui
1893 2228 1936 2282 la·

334 2322 388 2377 Sed
404 2322 529 2378 videmus
543 2323 643 2379 turritos
655 2324 772 2382 Verbum
783 2326 956 2386 incarnatum
969 2332 1023 2389 lide
1035 2350 1093 2389 am·
1144 2325 1180 2382 cti
1196 2325 1291 2382 ⁸¹¹¹¹¹i¹⁵
1314 2326 1395 2382 rebus
1410 2339 1544 2396 liudem
1569 2327 1651 2381 ellim
1672 2325 1771 2395 sllirim
1799 2334 1936 2393 biudis&

294 2412 464 2482 plectentes,
489 2415 535 2480 qui
560 2415 675 2470 sormam
702 2417 764 2472 vitae
781 2419 841 2490 ejas
854 2423 956 2479 imitari
983 2425 1091 2494 nolunt,
1143 2433 1266 2481 essemus
1276 2426 1303 2471 et
1320 2417 1392 2487 quod
1410 2416 1530 2485 suscepit
1545 2415 1678 2486 professio
1699 2413 1825 2469 executio
1844 2410 1935 2481 operis

294 2518 332 2569 qu
345 2503 396 2556 bns
411 2503 433 2557 si
446 2510 577 2561 ostendas
590 2507 648 2561 loca
666 2506 816 2577 clavorum,
832 2512 855 2568 si
871 2517 980 2571 mittant
996 2534 1092 2576 tatavtus
1144 2521 1303 2569 testaretur.
1325 2509 1377 2565 Sed
1404 2510 1561 2580 [ῐθιιῑιθιιῑθῐ
1576 2521 1640 2563 Vlia
1655 2505 1741 2577 stibii,
1763 2504 1862 2575 bulini
1876 2517 1935 2556 ¹¹¹²·

295 2598 325 2651 in
343 2598 414 2654 latus
434 2598 503 2667 ejus,
523 2602 619 2657 dieunt
643 2619 705 2657 curu
724 2603 827 2660 'lboma
843 2625 851 2662 ε
869 2608 999 2664 Dominus
1017 2626 1092 2667 nicus
1140 2604 1227 2674 i⁰l⁰ffl
1238 2603 1347 2659 adhibet
1361 2597 1776 2671 diiiliffllfiimsiss⁰⁰fl¹⁰¹¹li¹i³¹¹¹
1788 2594 1932 2666 lll⁰si0¹¹¹¹b

295 2697 324 2743 et
338 2690 407 2744 Dens
420 2705 496 2744 arveus
511 2690 603 2760 (lours.
620 2695 668 2763 rr)
682 2711 689 2747 ε
705 2694 727 2748 sl
743 2701 832 2750 autem
845 2696 878 2751 ad
893 2699 1034 2767 passiones
1044 2715 1091 2758 eos
1142 2703 1170 2749 θῑ
1188 2709 1221 2748 0³
1242 2694 1342 2763 quibus
1364 2693 1457 2747 miuus
1479 2706 1550 2746 θυι-Ὅ
1563 2689 1739 2760 imbissliiwl·
1762 2689 1829 2742 “¹¹⁰¹
1844 2686 1870 2740 ³¹¹
1885 2685 1934 2740 ¹¹⁰·

296 2779 459 2836 invitaveris
475 2791 503 2836 et
526 2783 721 2853 bumilitatem,
749 2786 843 2842 dieunt
870 2788 985 2845 bomiuo
1012 2784 1090 2847 beor
1143 2785 1313 2842 uoremetia
1330 2784 1457 2842 meliores
1482 2800 1558 2839 usus.
1573 2783 1619 2839 Sic
1643 2781 1761 2854 virgulta
1776 2780 1801 2834 in
1816 2778 1933 2835 desertis

297 2870 395 2925 recede
417 2888 431 2926 a
447 2872 537 2937 nobis,
554 2873 696 2929 scientiam
711 2876 816 2932 viarum
839 2887 947 2933 tuarum
966 2879 1090 2938 nolmnas
1142 2879 1210 2933 locis
1225 2878 1277 2932 sita
1300 2876 1323 2932 si
1336 2876 1369 2932 ad
1390 2876 1497 2931 radices
1511 2875 1609 2931 babeat
1622 2876 1779 2938 humorem,
1791 2872 1813 2927 sl
1827 2886 1933 2928 rauttrs-

294 2964 375 3034 (Sup.
391 2965 444 3034 ru).
460 2966 644 3038 Comprabant
663 2970 715 3026 boc
735 2972 843 3041 plurimi
857 2973 1001 3031 studentes
1017 2976 1088 3030 divi·
1140 2971 1194 3027 culi
1217 2970 1277 3040 eius
1295 2970 1450 3026 libertatem
1476 2969 1550 3025 aeris
1576 2978 1604 3024 et
1625 2967 1726 3024 caloris
1739 2974 1930 3035 assequantur,

297 3058 344 3112 tiis
376 3070 403 3113 ct
423 3058 581 3128 bonoribus,
599 3062 656 3117 sive
676 3064 1000 3137 scientieepotiasquam
1021 3084 1088 3126 con·
1139 3062 1304 3133 quandoque
1335 3061 1461 3117 arborem
1489 3058 1653 3130 speciosam,
1683 3072 1784 3125 ramos,
1808 3057 1930 3123 baculos,

294 3153 432 3219 scientiae,
449 3170 502 3209 tvoa
521 3164 550 3209 ut
572 3154 671 3226 abjecti
695 3166 723 3213 et
745 3158 874 3224 bumiles,
889 3163 937 3217 sed
950 3162 1087 3234 potiusne
1140 3154 1203 3210 solit
1225 3154 1372 3218 emblema,
1394 3150 1474 3207 ss⁰l0⁸
1488 3160 1644 3217 dimidie&
1662 3160 1689 3206 θῑ
1703 3151 1819 3205 fl¹¹0¹¹¹¹¹¹
1836 3150 1931 3205 ”illem

294 3246 364 3301 tales
381 3256 537 3317 reputentur
553 3265 560 3303 r
577 3257 606 3302 ut
621 3249 747 3305 bonorati
760 3251 903 3309 videantur
920 3255 1022 3311 esseio
1042 3217 1123 3311 sec
1139 3266 1172 3306 ex
1189 3265 1219 3305 se
1236 3247 1372 3320 producit.
1390 3244 1411 3299 l}
1436 3246 1574 3302 contrario
1588 3260 1656 3301 sero
1671 3245 1775 3300 novella
1795 3243 1931 3314 plantatio

293 3336 368 3400 calo,
385 3349 412 3392 et
427 3336 527 3392 laeiaat
541 3339 593 3394 sibi
608 3356 706 3395 vroracn
717 3340 795 3411 juxta
813 3359 911 3398 norrrea
928 3360 1086 3414 maguorum
1138 3340 1165 3397 in
1188 3339 1254 3395 loeis
1279 3337 1396 3392 arnoenis
1408 3344 1436 3392 et
1449 3336 1599 3392 virentibus
1627 3335 1728 3407 posita,
1745 3333 1768 3389 si
1784 3333 1929 3404 perlaadas

292 3431 340 3499 qai
354 3440 416 3484 sum
427 3431 453 3484 ia
471 3441 554 3487 terra.
573 3430 658 3500 llajus
672 3432 709 3486 rei
725 3446 883 3505 argumenta
899 3446 964 3492 suat
979 3436 1087 3494 labores
1139 3450 1200 3492 eam
1216 3431 1410 3495 amaritudine,
1426 3433 1448 3487 si
1465 3446 1568 3502 pungas
1581 3445 1640 3484 eam
1655 3428 1753 3500 spinis,
1768 3429 1832 3482 dum
1846 3427 1929 3483 debes

293 3524 443 3588 irraumeri,
457 3524 648 3580 transmetatio
669 3533 817 3591 terrarum,
831 3527 961 3600 obsequia
984 3530 1086 3600 princi·
1140 3539 1278 3597 apponere
1292 3525 1439 3594 ⁰⁰l³¹¹i¹¹¹¹¹l¹
1454 3523 1594 3588 ὃῑθιῡθῐῑδι
1610 3521 1632 3578 ⁵5
1648 3521 1818 3576 ¹³¹¹¹¹¹⁵⁰¹¹¹⁰³
1835 3536 1929 3575 efflui*

292 3631 371 3686 pulv·
387 3615 475 3670 studia
499 3616 525 3669 lu
544 3617 654 3684 longum
667 3616 810 3685 protelata,
831 3629 859 3674 et
876 3631 975 3676 catera
992 3622 1086 3693 buius·
1137 3627 1233 3689 pentes
1263 3631 1393 3674 recurvos
1412 3618 1439 3672 in
1458 3625 1557 3671 terram
1574 3624 1676 3683 teneas,
1689 3614 1712 3670 si
1724 3615 1793 3685 palis
1807 3615 1928 3684 undique

294 3704 367 3758 modi
391 3702 417 3756 in
432 3704 528 3773 quibus
547 3706 670 3760 bomines
683 3717 847 3763 consummat
861 3708 920 3766 dies
940 3727 1013 3767 suos.
1030 3713 1084 3768 Sed
1136 3721 1260 3768 coarctes
1272 3711 1407 3780 cosneio
1418 3708 1569 3766 libertatem
1584 3707 1655 3764 aeris
1667 3707 1927 3778 extergaanasmao

292 3804 367 3854 estu,
383 3809 431 3863 pro
445 3804 506 3850 voto
524 3796 570 3850 tibi
593 3799 684 3852 ornain
699 3803 892 3870 respondeant,
913 3803 951 3858 sis
972 3802 1084 3861 allluens
1136 3819 1187 3875 ego
1202 3804 1273 3876 quod
1295 3803 1386 3874 platan
1409 3805 1461 3858 ista
1477 3818 1538 3858 cum
1564 3803 1590 3857 in
1608 3803 1691 3857 robur
1705 3800 1833 3866 evaserit,
1849 3810 1925 3854 trua-

292 3887 409 3947 divitiis.
441 3888 588 3955 praelarus
614 3889 739 3955 seleutia,
767 3893 896 3960 preditus
923 3894 1082 3960 horroribus,
1136 3908 1198 3948 cum
1223 3891 1447 3960 incompositum,
1470 3907 1563 3947 ramos
1600 3900 1730 3956 retortos,
1757 3890 1823 3944 lolia
1851 3905 1924 3957 rara,

292 3981 319 4035 ln
340 3979 382 4035 lais
395 3981 523 4036 curracibus
535 3996 628 4050 quaeso
641 3983 706 4052 quid
731 3981 852 4038 finaliter
869 3984 910 4039 vis
932 3987 1084 4055 apprclten-
1134 3984 1217 4041 liores
1244 3984 1431 4051 imperleetos,
1462 3983 1579 4036 leuetnm
1605 3981 1711 4036 latuum
1738 3982 1882 4050 producet,
1897 3991 1924 4038 et

293 4074 368 4142 dere,
384 4088 418 4127 aa
436 4072 569 4128 salutem?
586 4090 618 4130 an
638 4074 851 4132 sublimitatem?
865 4077 918 4134 Sed
932 4079 1006 4136 salas
1024 4098 1083 4138 me·
1134 4077 1225 4133 arianas
1255 4090 1364 4131 suarem
1382 4075 1417 4129 ad
1437 4073 1612 4130 vescendum.
1630 4072 1725 4130 Noniae
1740 4072 1839 4145 legisti,
1860 4075 1924 4144 quia

292 4164 346 4218 ltus
368 4167 499 4235 quaeritur
513 4177 678 4237 paupertate
700 4183 781 4239 qnam
793 4169 904 4237 divitiis,
914 4173 1083 4244 subjectione
1134 4185 1188 4225 non
1200 4176 1308 4241 gentem
1323 4177 1435 4240 propter
1450 4166 1549 4231 locam,
1566 4167 1614 4221 scd
1628 4165 1717 4223 locum
1734 4176 1844 4236 propter
1859 4181 1925 4236 gen·

291 4273 374 4328 quam
392 4259 538 4314 eminentia
555 4278 562 4314 :
579 4269 606 4314 et
619 4276 712 4317 verum
726 4269 768 4316 est
785 4262 850 4317 illud
864 4265 1008 4335 Augustini
1022 4283 1082 4323 ver·
1135 4271 1188 4317 tem
1204 4261 1285 4333 elegit
1306 4259 1454 4316 Dorulausl
1479 4257 1523 4329 (ll
1545 4257 1634 4312 llueln
1656 4265 1695 4330 v.)
1716 4259 1797 4314 Certe
1823 4257 1922 4313 natalier

290 4352 446 4421 bum,quia
476 4353 632 4422 lrequeater
656 4355 758 4410 indocti
787 4357 886 4412 cetram
913 4359 1032 4429 rapiant,
1054 4370 1082 4416 et
1133 4357 1160 4412 in
1184 4356 1311 4426 paradiso
1335 4353 1407 4408 iacta
1422 4359 1474 4415 est,
1494 4351 1536 4405 vir
1559 4361 1636 4406 extra
1651 4351 1819 4422 paradisum,
1832 4362 1922 4408 tamea

291 4447 375 4500 verba
395 4445 460 4516 legis
475 4447 657 4518 ponderantes
669 4463 731 4504 cum
748 4448 845 4506 litteris
865 4451 922 4508 suis
933 4453 967 4508 ad
980 4454 1081 4510 inferos
1133 4449 1214 4505 citius
1232 4445 1391 4517 etamplius
1406 4445 1530 4515 peccavit
1542 4444 1639 4499 mulier
1652 4459 1734 4521 quara
1753 4445 1805 4500 rir.
1821 4444 1920 4499 Pbari·

289 4537 472 4594 descendunt.
489 4537 571 4594 Forte
586 4539 748 4595 sublimiset
761 4543 1080 4614 magnusvlsapparere,
1097 4555 1203 4611 [asans
1229 4553 1337 4609 quoquae
1366 4537 1499 4606 superbus
1524 4534 1583 4604 plus
1607 4536 1732 4605 peccavit
1752 4535 1779 4590 in
1806 4535 1918 4606 templo,

289 4626 337 4682 sed
361 4626 388 4680 in
409 4627 483 4681 ornati
510 4627 604 4684 labore
621 4637 668 4684 tuo
685 4646 739 4699 qao
757 4630 864 4687 laboras
879 4634 929 4689 sab
942 4633 1012 4700 sole,
1029 4635 1080 4691 boc
1132 4645 1213 4701 quam
1230 4629 1373 4684 blattbaeas
1392 4627 1552 4698 publicanus
1581 4625 1609 4680 iu
1636 4625 1762 4692 teloneo;
1787 4636 1814 4681 et
1834 4625 1919 4682 icadas

290 4716 399 4786 assequi
420 4733 471 4772 non
488 4719 601 4788 poteris,
617 4721 679 4791 quia
696 4736 804 4792 semper
815 4725 939 4782 aveliorrs
954 4734 982 4782 et
995 4727 1078 4782 subli·
1132 4722 1192 4795 plns
1205 4721 1230 4776 in
1245 4733 1323 4775 coena
1340 4718 1457 4782 Domini,
1470 4734 1551 4789 quam
1567 4719 1654 4788 puella
1673 4719 1797 4775 saltatrix
1813 4721 1840 4774 in
1852 4734 1920 4775 eon·

288 4807 393 4862 naiores
419 4823 499 4878 supra
525 4819 551 4865 te
572 4812 700 4880 aspicies,
731 4827 846 4883 qnorum
872 4819 1077 4886 comparatione

288 4899 366 4967 quasi
381 4916 467 4954 rranus
481 4902 551 4956 inter
562 4902 685 4974 gigantes
704 4907 883 4976 reputaberis,
900 4916 928 4964 et
943 4910 1077 4966 videberis

287 4990 315 5044 iu
341 5006 441 5045 vanum
460 4993 605 5051 deduxisse
637 4996 695 5052 dies
721 5007 864 5063 tnos,cnm
889 5009 979 5056 tamen
1003 5003 1075 5058 nulla

283 5083 391 5153 jactura
400 5085 510 5153 gravior
524 5085 560 5140 sit
572 5101 652 5155 quara
668 5089 812 5158 tetrvporis.
832 5089 866 5144 Ut
879 5089 943 5161 quid
955 5106 971 5144 o
983 5093 1074 5149 anima

285 5174 386 5231 misera
407 5186 502 5248 captas
526 5178 622 5234 inatres
650 5195 744 5247 auras,
760 5181 862 5237 laturam
886 5194 1073 5253 vaporantem,

284 5282 367 5337 quem
393 5268 415 5323 si
438 5271 666 5340 apprehenderis,
688 5283 789 5328 vestem
804 5273 917 5329 babebis
933 5273 1074 5344 inlectam,

285 5357 408 5429 palatum
433 5375 568 5428 aurarum,
584 5362 693 5417 ocrrlam
707 5365 902 5421 caecutientem.
920 5367 979 5434 Quo
1002 5369 1074 5424 eaiut

285 5451 375 5520 magis
390 5454 721 5511 sanetarconversationls
741 5456 825 5512 vestis
843 5456 971 5523 inlicitur,
992 5475 1073 5529 quam

282 5541 380 5599 labore
396 5545 497 5610 inutili,
511 5561 573 5602 cum
599 5550 681 5606 bonto
698 5558 783 5604 totum
798 5551 917 5607 studium
930 5553 1032 5608 divitiis
1046 5566 1074 5609 et

283 5633 433 5693 bonoribus
459 5638 601 5707 impendit,
615 5641 707 5696 virtuti
733 5655 824 5697 autem
846 5644 994 5700 nibiliilel
1018 5662 1072 5717 eruo

284 5725 373 5790 stragis
387 5729 508 5796 palatum
530 5732 642 5787 ratioais
659 5735 813 5801 aarareseit,
829 5751 910 5807 quam
927 5737 1072 5808 voluptati-

284 5819 338 5872 bus
354 5820 423 5887 rita,
441 5838 502 5878 cum
518 5825 584 5879 nildl
603 5826 672 5896 sapit
688 5827 785 5883 rationi
800 5829 850 5885 nisi
864 5829 935 5900 quod
951 5831 1072 5887 condivit

1131 4814 1203 4869 vivio
1224 4812 1349 4869 llerodis.
1365 4808 1456 4877 Quare
1471 4811 1541 4866 boel
1555 4810 1647 4866 liebus
1659 4811 1734 4866 enirn
1755 4811 1919 4867 necessariis

1130 4904 1288 4962 occasiones
1310 4903 1423 4975 periculi
1448 4905 1537 4960 soleat
1562 4902 1698 4972 adjacere,
1710 4911 1738 4956 et
1753 4919 1785 4959 ex
1801 4902 1843 4958 bis
1858 4920 1918 4974 (puras

1129 4998 1155 5054 iu
1172 5014 1202 5055 se
1217 4997 1287 5053 bona
1305 5008 1368 5053 snat
1383 4996 1473 5052 causis
1487 4995 1691 5065 emergentibus
1709 4996 1842 5051 contrarii
1853 5012 1918 5068 pro·

1128 5090 1213 5146 deaut
1226 5097 1349 5146 eventus.
1365 5088 1410 5144 Sic
1426 5087 1574 5159 tranquillo
1596 5088 1664 5142 mari
1679 5097 1707 5143 et
1723 5089 1811 5144 ventis
1823 5089 1914 5144 barali·

1126 5183 1178 5239 bus
1201 5183 1340 5253 prosperis
1361 5191 1465 5237 tratura
1488 5183 1589 5237 malam
1604 5191 1777 5239 etautennas
1792 5184 1911 5252 erigam,

1126 5276 1282 5345 appendunt
1310 5275 1389 5341 vela,
1415 5284 1569 5345 caeteraque
1598 5274 1752 5331 instaurant
1778 5288 1827 5342 per
1852 5288 1913 5342 quae

1125 5367 1234 5424 facilins
1252 5378 1359 5438 portum
1383 5377 1597 5436 consequantur.
1613 5367 1667 5423 Sed
1682 5365 1770 5421 ventis
1783 5364 1914 5435 irruenti-

1126 5461 1179 5517 bus
1192 5461 1339 5516 eoutrariis
1353 5461 1411 5531 ipsa
1428 5460 1487 5514 vela
1503 5471 1531 5516 et
1543 5464 1641 5517 caetera
1655 5457 1733 5512 navis
1750 5466 1911 5512 ornamenta

1124 5568 1185 5624 quae
1194 5555 1226 5608 ad
1236 5565 1342 5622 portum
1352 5553 1616 5616 duceredebueraat,
1630 5550 1696 5604 bunt
1706 5564 1789 5604 causa
1802 5549 1912 5606 narrlra-

1125 5647 1172 5717 gii,
1197 5647 1248 5701 uisi
1263 5645 1371 5716 provida
1388 5647 1437 5700 boc
1452 5653 1546 5699 cavent
1565 5642 1703 5712 diligentia
1719 5643 1910 5712 gubernantis.

1127 5723 1228 5794 Eodem
1247 5738 1365 5794 modoet
1380 5739 1426 5808 qui
1442 5752 1537 5792 navem
1551 5734 1742 5807 ingrediantur
1753 5736 1909 5793 aronasterii

1124 5848 1188 5888 suos
1217 5848 1309 5891 secum
1344 5830 1550 5904 grtbcrnatioais
1579 5843 1727 5904 apparatus
1754 5839 1907 5896 assumunt,
