4425 6450
280 409 353 470 lili
410 472 414 481 ..

725 402 996 464 mvtunnatttttt
1013 402 1111 461 stetit
1126 403 1344 475 *stllsslollss—
1361 409 1427 467 ΗΒ.
1445 410 1492 478 l!-

1852 416 1921 473 tstt
1944 376 1946 379 ⁵

282 524 368 580 Erant
381 520 456 577 cuim
467 520 605 585 iulidelct.
621 519 648 575 id
662 528 708 578 eti
722 533 777 575 nun
802 517 898 576 tdetss
927 528 1075 588 antequam
1090 518 1113 574 d
1127 515 1210 572 cedit.
1218 515 1277 574 Non
1290 518 1352 577 dico
1364 524 1451 592 trapis
1460 523 1606 589 desiderat,
1618 527 1667 582 scd
1683 527 1748 583 relit
1765 527 1831 583 illud
1844 531 1922 601 prius

281 619 402 677 veniret.
416 617 589 689 Quandoque
602 616 682 687 ponit
700 622 891 684 contemptum
909 611 983 679 bidei,
996 627 1077 682 quem

282 721 470 780 contemptum
484 725 539 767 non
554 710 722 771 habuissent,
746 706 801 763 nisi
816 706 943 762 cbristus
955 705 995 761 cis
1009 720 1078 775 prae·

281 802 416 866 dicasset,
429 811 459 855 et
475 800 513 855 ita
525 801 659 855 adventus
684 795 787 854 Christi
815 796 867 851 luit
885 794 996 853 occasio
1011 808 1078 865 pecu

283 894 340 948 cati
353 893 406 958 eis,
420 907 475 947 non
493 907 526 946 cx
544 891 611 946 vitio
626 905 688 955 suo,
715 888 763 945 sed
780 887 889 944 illorum
909 890 1010 959 quibus
1031 887 1079 943 de·

283 984 519 1050 buitessesaluti,
534 982 586 1037 nisi
599 997 694 1038 eorum
724 982 879 1038 enormitas
907 980 1077 1052 impedisset.

285 1081 364 1137 Sicut
380 1079 516 1134 medicina
532 1078 641 1133 occasio
655 1085 698 1132 est
711 1076 881 1132 inllrmitatis
898 1076 969 1130 tnale
982 1075 1078 1130 obser·

285 1175 359 1230 ranti
372 1173 491 1235 diaetam,
506 1184 569 1242 quse
595 1178 686 1226 tamen
712 1171 824 1229 deberet
844 1185 906 1227 esse
927 1184 1012 1227 carisa
1035 1182 1079 1224 sa·

285 1267 382 1325 nitatis
406 1276 434 1325 et
457 1274 543 1334 esset,
561 1264 615 1320 nisi
641 1264 805 1335 improbitas
826 1266 869 1321 sui
888 1264 979 1321 meriti
992 1264 1080 1335 impc-

1129 607 1199 665 lleri.
1219 611 1305 679 Unde,
1332 616 1518 684 comprimus
1547 620 1682 675 adventus
1710 618 1792 676 luerlt
1804 621 1838 676 ad
1851 622 1923 679 mill·

1130 703 1241 760 turdum
1257 712 1288 758 ut
1310 720 1359 775 per
1387 705 1475 777 ipsunt
1505 715 1663 764 transeatur
1689 714 1724 766 ad
1759 713 1922 779 secuudum,

1130 796 1308 852 inveniuntur
1318 811 1447 869 expressa
1459 799 1493 853 de
1503 813 1536 854 eo
1548 799 1612 855 talia
1621 801 1768 859 desideria.
1782 802 1860 858 Sicut
1871 804 1923 859 iste

1129 886 1217 953 nragis
1226 887 1367 944 desiderat
1383 890 1534 946 secundum
1553 888 1688 947 lcrculum
1699 907 1779 961 quam
1792 893 1923 965 priosum,

1129 978 1194 1047 quia
1209 980 1357 1050 speciosius
1367 989 1420 1047 est,
1434 982 1490 1037 ruit
1502 983 1555 1039 sibi
1569 993 1660 1041 tamen
1669 986 1746 1055 prius
1756 990 1853 1059 apponi
1864 990 1923 1060 pri·

1130 1086 1279 1142 mumque
1297 1073 1350 1128 nisi
1359 1073 1436 1142 prius
1446 1075 1608 1142 satiaretur,
1623 1092 1676 1133 nort
1684 1089 1796 1149 paratus
1804 1090 1877 1136 esset
1889 1080 1924 1135 atl

1130 1162 1292 1230 secundum,
1317 1163 1399 1236 297
1421 1165 1499 1236 cujus
1513 1183 1567 1224 nou
1585 1170 1669 1227 babet
1680 1180 1785 1228 tantant
1802 1173 1923 1243 copiam,

1130 1255 1208 1324 cuius
1227 1270 1325 1326 sapore
1345 1259 1432 1330 magis
1445 1261 1600 1318 delectatur
1620 1278 1702 1335 quam
1723 1266 1850 1335 satietur.
1869 1264 1925 1322 Ve-
1965 1323 1967 1326 .

286 1363 369 1418 ppei,
1131 1359 1285 1406 rumtamen
1295 1351 1404 1408 videtur
1415 1366 1496 1423 posse
1507 1355 1613 1412 ostendi
1624 1357 1696 1425 quod
1712 1372 1765 1412 non
1779 1356 1814 1412 sit
1824 1372 1924 1413 secun-

322 1452 403 1520 m,
419 1461 556 1524 quotquot
577 1453 723 1509 supperunt
746 1452 900 1517 christum,
912 1459 940 1507 οι
956 1458 1080 1507 contem.
1131 1443 1180 1499 dus
1195 1443 1340 1500 adventus.
1352 1445 1425 1501 llicit
1439 1447 1511 1502 enim
1528 1448 1612 1503 dmos
1628 1466 1635 1501 :
1656 1447 1701 1503 te
1715 1449 1925 1503 desiderantibus

285 1555 411 1618 pserunt,
428 1549 581 1602 deteriores
598 1547 664 1602 lacti
675 1554 738 1602 sunt
758 1554 870 1614 propter
888 1541 1000 1598 verbum
1017 1541 1079 1596 lidei
1130 1535 1199 1590 tlt'em
1208 1534 1441 1608 flammiferos&
1452 1555 1510 1593 eam
1522 1540 1696 1596 desiderant!
1709 1541 1800 1613 (Amor
1813 1544 1854 1614 v.)
1865 1541 1924 1600 Non

285 1636 358 1708 qnod
386 1638 558 1708 reputentur.
584 1630 612 1693 ei
639 1639 698 1708 ipse
719 1636 813 1692 nrtttts
834 1636 996 1706 pradicant
1011 1649 1080 1704 qnm
1131 1626 1215 1700 icitur
1235 1629 1434 1701 imprecaretur
1452 1632 1492 1688 ets
1509 1630 1569 1699 tn»,
1590 1634 1614 1687 ti
1631 1648 1704 1691 esser
1723 1634 1923 1701 desideranta;

285 1729 390 1785 sciebat
405 1738 611 1799 contempturos
623 1730 736 1786 verbum
749 1729 908 1800 Evangelii3
926 1742 991 1799 ergo
1004 1741 1079 1780 mar·
1132 1724 1195 1780 ideo
1218 1724 1316 1781 dicunt
1337 1727 1409 1797 quud
1428 1735 1540 1798 propter
1559 1728 1692 1798 quosdam
1713 1729 1748 1784 de
1760 1728 1926 1797 suajustitia

286 1819 468 1891 garitasante
497 1834 596 1890 porcos
619 1818 744 1890 projecit.
765 1820 838 1890 Ergo
858 1828 953 1874 contra
978 1830 1080 1888 pracce-
1132 1828 1329 1885 presumentes
1345 1818 1920 1890 bocdixitquidicmillumdesiderabant.

287 1918 364 1979 ptum
384 1925 464 1966 suum
479 1910 555 1965 lecit.
572 1908 649 1977 ltem,
666 1909 793 1965 Christus
821 1906 925 1965 sciebat
940 1907 1013 1975 quod
1034 1920 1079 1960 es·
1134 1909 1182 1965 Est
1204 1918 1296 1966 maten
1311 1911 1391 1969 bonis
1408 1912 1601 1970 desideranda.
1625 1911 1705 1969 llnde
1720 1913 1786 1969 dicit
1807 1913 1926 1985 Aposto-

289 2012 352 2056 scnt
364 2015 427 2057 cum
440 2001 636 2071 corttempturi,
659 2011 731 2056 etex
751 2009 908 2069 contemptu
925 1997 1008 2053 luturi
1033 1997 1082 2052 dc·
1133 2000 1195 2057 lus:
1210 2002 1352 2060 Desiderio
1360 2006 1494 2062 tendentes
1504 2007 1531 2060 in
1546 2007 1620 2061 illurn
1632 2008 1715 2074 diens,
1728 2016 1781 2063 etc.

290 2095 416 2161 teriores,
432 2104 523 2149 etcur
543 2109 597 2150 non
624 2103 653 2149 et
676 2095 735 2163 ipse
761 2092 846 2149 Pater
857 2099 900 2148 cst
923 2090 1081 2148 misericor·
1169 2093 1227 2165 tid)
1247 2094 1316 2151 lluic
1335 2096 1483 2166 objectioni
1498 2098 1645 2154 simileest
1664 2096 1855 2169 desponsio,
1879 2097 1926 2167 qui

286 2187 417 2242 diarumt
433 2187 504 2257 Ergo
517 2202 549 2242 ex
563 2188 752 2244 misericordia
767 2187 861 2243 debuit
874 2200 903 2241 se
917 2186 1082 2242 subtrahere
1133 2187 1252 2244 babebat
1277 2188 1445 2246 desiderium
1466 2189 1578 2246 dissolri
1596 2200 1624 2247 et
1643 2206 1705 2248 esse
1726 2205 1788 2245 curn
1816 2188 1927 2244 Christo

287 2280 332 2334 lris
343 2281 389 2350 qui
404 2278 490 2335 loturi
505 2289 586 2335 cratrt
599 2280 753 2335 deteriores
773 2295 805 2333 ex
821 2288 978 2349 contemptu
992 2277 1080 2333 verbi.
1134 2278 1266 2351 (Philipp.
1286 2285 1318 2355 ι).
1332 2282 1405 2339 ldem
1416 2298 1524 2355 puroque
1539 2283 1658 2340 babebat
1681 2284 1846 2340 desiderium
1869 2296 1928 2335 ma·

288 2370 413 2425 Similem
445 2371 625 2440 qaaestionem
655 2378 747 2425 nrovct
781 2369 853 2425 Beda
885 2384 968 2438 super
1002 2369 1080 2423 illum
1133 2372 1924 2445 uendiiucaruepropteruccessitatemlrstrum(ibidis

286 2462 376 2518 locum
391 2460 551 2532 Evangelii:
574 2460 861 2528 Vetililletltsaidtt!
895 2459 938 2516 i'tc
955 2460 1082 2525 tibi,Co·
1132 2478 1194 2534 quse
1208 2464 1262 2519 duo
1274 2463 1410 2520 desideria
1424 2480 1480 2521 uno
1492 2476 1520 2519 et
1532 2467 1630 2520 eodem
1649 2475 1773 2533 tcutpore
1786 2468 1926 2537 complere

287 2556 408 2611 restim!
423 2555 488 2627 dtltt
498 2556 521 2609 tl
534 2556 562 2609 t'tt
576 2553 646 2625 Tute
660 2563 684 2609 et
697 2552 795 2609 Sidete
808 2554 888 2617 [erte
905 2561 991 2608 essent
1003 2554 1082 2607 virtu·
1133 2574 1187 2615 nou
1202 2566 1320 2628 poterat.
1333 2557 1407 2629 Ergo
1421 2567 1498 2628 tuuc,
1514 2573 1578 2614 cum
1594 2573 1708 2615 necesse
1724 2567 1797 2614 esset
1809 2560 1924 2615 alterum
2008 2555 2011 2559 ’

287 2660 325 2705 tes
336 2665 394 2719 pute
408 2649 438 2702 t'tt
460 2647 532 2702 uobis
552 2646 630 2717 {netu
664 2656 741 2712 sunt,
765 2646 948 2717 pestilentiam
968 2645 1082 2715 epissent
1132 2651 1208 2724 prius
1220 2650 1333 2707 evenire
1348 2651 1465 2722 reliquo,
1478 2660 1506 2705 et
1518 2661 1663 2721 utrumque
1677 2652 1857 2719 desideraret,
1872 2653 1922 2707 de·

288 2739 400 2811 (llattlt.
417 2755 462 2803 1¹:
479 2740 545 2795 late·
563 2741 604 2813 ¹)·
618 2736 731 2806 'Quaelll
745 2752 811 2807 018⁰
839 2751 927 2807 qttare
941 2735 1079 2800 Christus,
1132 2741 1270 2797 siderabat
1282 2742 1348 2799 illud
1362 2742 1421 2798 lieri
1441 2743 1515 2813 qvtotl
1535 2744 1674 2813 posterius
1687 2741 1813 2813 contigit,
1839 2751 1867 2798 et
1887 2743 1924 2798 ita

288 2847 351 2887 cum
372 2833 408 2888 sit
429 2831 512 2887 Pater
537 2830 734 2887 misericordiae
757 2829 804 2900 uui
831 2828 972 2885 ltoutiuttttt
998 2825 1080 2882 beluli
1132 2834 1242 2890 volebat
1256 2836 1368 2892 dissolvi
1379 2836 1452 2907 quod
1467 2835 1749 2891 desiderabatultimo
1761 2836 1882 2900 evertite,
1895 2845 1927 2890 ut

288 2924 369 2981 debeb
391 2924 545 2995 blitildem·
568 2924 612 2979 ¹¹5⁸
629 2921 820 2992 praedicaverit
838 2920 884 2992 qui
912 2935 966 2976 ¹¹⁰ss
991 2920 1079 2976 acturi
1132 2928 1210 2997 prius
1228 2928 1325 2984 vivens
1344 2928 1370 2984 in
1389 2942 1473 2983 carne
1491 2928 1623 2987 iratribus
1645 2928 1811 2983 consuleret.
1837 2926 1926 2982 Eron-

290 3027 374 3073 crant
390 3017 594 3088 poenitentiam,
606 3015 654 3072 sed
666 3014 750 3072 luturi
767 3023 848 3070 erant
864 3012 1027 3080 deteriores,
1053 3020 1082 3067 et
1134 3016 1219 3073 trario
1233 3017 1291 3088 ipse
1307 3018 1414 3074 sciebat
1427 3019 1512 3090 quod,
1527 3020 1552 3074 si
1566 3021 1594 3074 itt
1612 3032 1695 3075 carne
1720 3020 1833 3084 vireret,
1851 3033 1925 3073 sent·

289 3123 343 3164 lton
359 3109 414 3164 illis
429 3110 475 3179 qul
492 3106 682 3178 poenllenllam
696 3107 857 3176 esslbselllel
876 3100 1081 3161 ssblenlnlello·
1131 3126 1180 3181 per·
1198 3113 1225 3168 in
1247 3111 1384 3169 charitate
1400 3111 1533 3183 prolicere
1547 3122 1651 3183 posset,
1668 3122 1696 3168 et
1718 3111 1754 3167 ita
1778 3113 1922 3181 praetrpium

288 3201 350 3258 reb?
370 3199 500 3259 lriceuim
526 3207 624 3257 coniri
650 3197 868 3256 misericordiali]
894 3210 972 3253 bilem
991 3195 1116 3291 egissec
1133 3205 1300 3276 aequiperet,
1324 3203 1397 3277 Ergo
1415 3205 1467 3261 1100
1485 3207 1574 3277 magis
1596 3205 1744 3277 optandum
1767 3213 1925 3274 eratquatn

287 3296 409 3361 videtur,
420 3295 466 3350 sed
477 3295 534 3364 ipse
546 3294 669 3350 breviter
681 3292 763 3349 solvit
779 3293 895 3349 dicendo
911 3309 918 3347 ε
936 3288 1081 3362 lpsetolttr
1133 3296 1199 3353 illud
1222 3296 1290 3370 (17),
1318 3295 1482 3354 &ontrario
1495 3298 1617 3354 existens
1642 3299 1669 3352 pn
1685 3299 1727 3353 sip
1751 3306 1859 3368 poterat
1877 3313 1924 3351 cp.

288 3389 370 3443 nouit.
386 3386 478 3443 Potest
503 3394 593 3444 umen
617 3386 672 3441 dici
701 3386 905 3455 qarotpuornodo¹
920 3385 993 3452 quod
1014 3392 1043 3439 et
1057 3382 1080 3437 si
1132 3391 1209 3457 dere,
1225 3391 1289 3447 licet
1301 3391 1376 3447 enirn
1391 3390 1449 3460 ipse
1464 3391 1573 3447 dixerat
1590 3408 1599 3448 :
1615 3389 1707 3445 Certus
1722 3405 1780 3446 tunt
1795 3389 1865 3461 qrtod
1881 3405 1927 3442 ue·

289 3493 383 3549 coram
400 3480 454 3537 illis
465 3478 660 3550 praedicaverit
674 3493 745 3549 quos
755 3476 862 3533 sciebat
872 3489 925 3531 nou
941 3489 1003 3532 esse
1016 3489 1081 3532 cun·
1131 3496 1181 3551 que
1192 3496 1276 3546 mort,
1287 3496 1372 3552 neque
1383 3485 1437 3536 sits
1452 3483 1615 3552 separabunt
1629 3497 1671 3535 nte
1682 3497 1697 3534 o
1708 3480 1838 3534 cltnritste
1848 3480 1925 3535 (ilri-

289 3569 452 3637 vertendos,
466 3581 624 3626 nontamen
643 3567 708 3624 illis.
1132 3576 1167 3628 sti
1179 3571 1267 3645 (dont.
1280 3576 1350 3644 tttt).
1365 3573 1423 3629 lion
1435 3582 1525 3629 mareu
1537 3583 1598 3629 erat
1606 3585 1697 3629 certus
1712 3575 1763 3628 nisi
1778 3573 1925 3629 certitudi-

324 3661 405 3730 ltem,
420 3665 553 3734 queritur
568 3679 602 3718 an
631 3662 734 3719 Christi
758 3662 863 3733 primus
878 3662 1012 3720 adventus
1023 3676 1083 3718 ma·
1133 3680 1168 3722 ne
1187 3666 1247 3730 vie,
1265 3674 1293 3720 et
1310 3665 1403 3721 adhuc
1415 3664 1541 3736 gemebat
1555 3666 1581 3720 in
1595 3665 1705 3720 miseria
1724 3665 1826 3719 caruis.
1849 3663 1927 3720 Unde

289 3756 333 3827 gis
346 3752 430 3808 luerit
444 3753 639 3809 desiderandus
650 3768 732 3823 quam
743 3753 889 3818 secundus,
900 3752 1081 3810 velecontra·
1134 3757 1191 3826 ipse
1211 3757 1323 3813 dicebat
1338 3773 1347 3813 a
1363 3757 1465 3827 lnsetie
1490 3772 1538 3828 epo
1559 3755 1661 3810 bomo!
1678 3756 1737 3825 prtia
1750 3770 1792 3809 tne
1803 3754 1925 3808 liberabit

289 3848 349 3904 rio?
362 3846 439 3915 Quod
452 3848 526 3903 euim
537 3847 676 3929 secundus
692 3846 790 3916 magis,
808 3846 846 3902 ita
861 3846 1037 3903 ostenditur:
1052 3844 1081 3902 ln
1132 3847 1165 3903 de
1187 3863 1296 3918 corpore
1313 3850 1406 3904 mortis
1426 3848 1527 3919 tnjttt
1554 3846 1641 3920 (Rern.
1662 3849 1724 3917 vn.)
1745 3847 1817 3915 Ergo
1839 3845 1925 3916 magis

289 3940 381 4014 primo
396 3939 505 3995 liberati
517 3954 612 3995 sunrus
624 3952 640 3994 a
652 3938 732 4011 culpa
743 3948 771 3996 et
784 3954 865 3995 nona
883 3954 981 4010 poena;
995 3940 1023 3995 io
1038 3954 1083 3996 se·
1133 3939 1251 3996 debebat
1264 3951 1361 4010 optare
1375 3939 1488 3996 dimolvi
1501 3953 1585 4010 quam
1611 3939 1638 3994 in
1652 3937 1788 3995 charitate
1802 3951 1925 3991 massere.

288 4030 380 4086 cundo
395 4027 575 4087 liberabimur
589 4029 623 4085 ab
636 4041 765 4101 utroque.
788 4031 860 4101 Ergo
872 4030 1009 4088 sccundus
1020 4046 1081 4087 nra·
1133 4035 1174 4088 dd
1195 4035 1247 4090 lroc
1262 4034 1408 4091 dicendum
1425 4035 1497 4103 quod
1512 4034 1590 4105 prius
1611 4032 1699 4088 voluit
1719 4032 1746 4087 in
1768 4045 1798 4086 se
1812 4030 1927 4100 Aposto-

250 4119 254 4129 '
289 4122 549 4193 gisdesideraudus
574 4130 617 4179 est
644 4138 727 4194 quarn
750 4123 864 4193 primus.
883 4121 961 4189 ltem,
995 4124 1082 4180 inse·
1134 4125 1177 4181 lus
1199 4127 1293 4182 multis
1320 4127 1471 4197 expediens
1489 4125 1559 4193 lieri,
1583 4133 1675 4194 tamen
1696 4123 1784 4194 magis
1796 4120 1927 4192 diligebat

288 4214 378 4271 cundo
393 4216 559 4284 recipiemus
574 4225 723 4287 utramque
732 4216 852 4288 stolam,
865 4219 966 4276 animae
975 4218 1083 4275 scilicet
1132 4217 1205 4286 quod
1218 4226 1279 4272 erat
1300 4217 1414 4282 melius;
1431 4218 1480 4272 sed
1504 4216 1531 4271 in
1551 4230 1582 4272 se
1597 4216 1674 4286 prius
1693 4214 1751 4271 lieri
1764 4213 1837 4284 quod
1852 4215 1881 4267 in
1896 4226 1927 4268 se

288 4315 317 4362 et
338 4309 482 4380 corporis;
505 4308 533 4365 iu
547 4311 635 4381 primo
654 4319 758 4366 tanturn
771 4311 897 4379 alterius,
923 4311 950 4367 id
964 4321 1007 4367 est
1021 4311 1083 4366 ani·
1132 4309 1227 4365 utiuua
1239 4319 1301 4365 erat
1316 4312 1429 4378 bonum,
1445 4318 1474 4365 et
1488 4310 1579 4364 rntnm
1595 4308 1736 4379 diligebat.
1752 4306 1808 4362 lice
1828 4307 1927 4361 tratres

288 4415 350 4460 mae.
362 4401 447 4474 Ergo,
462 4412 517 4459 etc.
534 4401 615 4467 ltent,
639 4405 745 4474 primus
758 4418 812 4461 nort
835 4402 1012 4460 desideratur
1028 4404 1079 4460 nisi
1135 4408 1226 4456 umen
1238 4400 1383 4472 plusquam
1405 4415 1436 4456 se
1456 4401 1597 4474 diligebat,
1612 4401 1677 4472 quia
1697 4398 1845 4455 dillerebat
1859 4397 1926 4453 illud

287 4505 399 4566 propter
416 4495 577 4552 secundum.
603 4495 677 4566 Ergo
708 4499 796 4568 tnagis
818 4496 1017 4554 desiderandus
1038 4504 1082 4552 est
1134 4493 1206 4562 qnod
1223 4494 1312 4565 magis
1332 4493 1360 4549 iu
1377 4509 1473 4551 eorum
1486 4494 1644 4560 dilectione,
1669 4495 1696 4550 itt
1712 4508 1765 4564 qua
1778 4493 1928 4549 dilectione

288 4587 425 4642 secundus
436 4602 518 4655 quam
533 4588 649 4658 primus.
674 4588 836 4646 Eeontrario
847 4589 971 4679 ,antiqui
986 4598 1080 4660 patres
1095 4566 1310 4643 ”eorumbene
1328 4587 1560 4658 augmentabatur
1571 4588 1674 4644 bonum
1689 4587 1761 4656 quod
1778 4587 1865 4656 magis
1884 4585 1927 4640 di·

288 4678 377 4749 tnagis
404 4672 631 4734 desideraverunt
661 4681 781 4749 primum
802 4697 885 4753 quam
916 4681 1079 4737 secundum.
1135 4680 1247 4750 ligebat.
1265 4677 1343 4736 Sicut
1359 4682 1412 4753 iste
1431 4680 1559 4736 esuriens
1573 4678 1634 4749 plus
1653 4677 1742 4748 diligit
1759 4677 1843 4731 istum
1867 4674 1925 4732 ler-

288 4769 362 4841 Ergo
394 4771 581 4826 inordinatum
613 4769 767 4826 babuerunt
798 4773 975 4828 desiderium.
1003 4771 1082 4839 Quod
1134 4771 1224 4827 culum
1236 4785 1319 4842 quarn
1334 4771 1465 4844 primum,
1482 4779 1511 4826 et
1530 4779 1622 4825 umen
1644 4768 1702 4822 vult
1717 4769 1793 4839 prius
1805 4767 1856 4823 sibi
1875 4782 1925 4839 ap·
1978 4833 1980 4842 Ι

288 4871 380 4917 autem
395 4863 482 4930 tnagis
499 4861 717 4918 desideraverint
741 4863 860 4934 primum
888 4878 969 4934 quiam
984 4876 1084 4918 secun·
1133 4865 1196 4934 poni
1209 4865 1340 4934 primurn,
1354 4873 1384 4919 ut
1399 4872 1461 4935 post
1475 4861 1541 4918 illud
1556 4862 1656 4918 lrabeat
1670 4862 1744 4932 quod
1757 4863 1854 4918 melius
1870 4870 1923 4919 est.

289 4957 365 5021 dum,
388 4955 480 5010 inultae
503 4964 675 5012 attestantur
701 4958 907 5014 auctoritatess
931 4952 1018 5011 Patet
1045 4957 1083 5010 ui·
1133 4957 1192 5013 Nou
1213 4959 1287 5014 eninr
1305 4959 1328 5015 si
1351 4959 1423 5014 istud
1446 4958 1524 5027 prius
1539 4957 1623 5013 babet
1641 4957 1704 5013 ideo
1729 4956 1794 5013 illud
1813 4958 1924 5023 amittit,
1972 4944 1977 4951 ’

288 5053 354 5110 delo
366 5057 379 5110 l
391 5064 470 5125 putot
486 5055 614 5111 durabo?
633 5065 659 5112 et
670 5057 773 5112 tttittttm
791 5055 953 5125 dirumperet
968 5053 1046 5108 eoelos
1057 5063 1083 5108 et
1134 5050 1182 5105 sed
1195 5049 1300 5117 diliert,
1312 5058 1342 5106 ut
1356 5060 1418 5120 post
1433 5049 1534 5106 lrabeat
1546 5061 1575 5108 et
1585 5052 1622 5108 sit
1635 5052 1724 5107 satior
1737 5069 1745 5106 c
1759 5052 1796 5106 ita
1809 5051 1925 5120 Aposto-

287 5149 375 5206 verrt're
400 5148 478 5222 (lsai.
503 5149 589 5221 triv).
606 5147 685 5206 Talia
702 5147 837 5205 desideria
856 5162 910 5201 non
936 5147 1083 5203 inveniun·
1133 5139 1176 5199 lus
1194 5143 1282 5212 majus
1295 5142 1396 5200 bonum
1411 5143 1569 5210 dillerebat,
1585 5153 1616 5201 ut
1631 5146 1722 5201 minus
1738 5145 1815 5214 prius
1839 5143 1921 5197 lrabe-

288 5248 383 5302 surde
411 5247 533 5303 seeundo
558 5259 701 5318 expressa.
716 5244 759 5300 dd
773 5245 825 5302 hoc
846 5244 991 5301 dicendum
1007 5243 1080 5313 quod
1132 5237 1219 5302 beret.
1242 5238 1279 5294 ita
1296 5244 1386 5293 umen
1405 5238 1478 5307 quod
1492 5236 1582 5308 maius
1600 5253 1655 5293 non
1675 5237 1826 5302 amitteret,
1842 5236 1922 5290 etita

289 5343 378 5413 anatis
392 5338 593 5396 desiderandus
616 5348 658 5395 est
684 5339 823 5397 secundus
846 5352 929 5410 quam
955 5339 1080 5409 primus,
1132 5331 1282 5402 accipiebat
1294 5338 1393 5397 totum,
1406 5340 1435 5386 ut
1447 5343 1543 5404 postea
1557 5329 1701 5401 gloriosior
1714 5336 1742 5384 et
1755 5327 1860 5385 beatior
1875 5327 1923 5384 tie·
1974 5396 1978 5402 ,

289 5435 338 5492 sed
353 5445 450 5491 natura
464 5434 579 5491 numani
593 5431 723 5489 desiderii
739 5441 792 5500 est,
810 5440 840 5488 ut
855 5431 878 5487 sl
892 5432 945 5487 duo
971 5429 1079 5485 deside·
1133 5438 1184 5485 ret.
1197 5428 1266 5485 llam
1281 5429 1341 5502 ipsa
1354 5429 1451 5487 dilatio
1466 5438 1528 5486 erat
1542 5429 1639 5500 gratie
1652 5428 1851 5499 augmentatio.

289 5523 1080 5602 retquorumunumnonpossecontingeresinercliquo
1167 5522 1303 5595 objicitur
1337 5533 1428 5582 autent
1463 5522 1497 5581 de
1529 5537 1563 5579 eo
1587 5523 1660 5595 quod
1683 5521 1830 5595 Apostolus
1858 5521 1923 5577 alibi

288 5622 456 5694 precedenti
472 5623 553 5688 sciat,
580 5621 668 5693 magis
689 5620 829 5678 desideret
845 5619 911 5676 illud
924 5619 1080 5690 quodprae·
1132 5621 1255 5691 sitquod
1280 5618 1339 5690 ipse
1362 5615 1475 5690 optabat
1497 5630 1558 5675 esse
1584 5617 1729 5674 anathema
1756 5631 1806 5687 pro
1827 5617 1921 5673 iratri-

326 5780 382 5851 (tu)
395 5779 461 5849 Quae
482 5788 636 5852 sequuntur
649 5781 683 5836 ad
699 5780 779 5836 linem
797 5795 883 5853 usque
901 5779 1007 5852 capitis.
1025 5795 1078 5836 uon
1168 5780 1225 5852 tlt)
1236 5776 1300 5837 llaec
1310 5787 1388 5836 caute
1403 5777 1523 5849 legenda.

292 5863 400 5907 exstant
416 5852 441 5905 in
458 5853 555 5910 codice
570 5851 722 5912 Victorino.
