4425 6450
236 413 294 476 bii

975 433 1165 496 EPlSTOLAE.

1826 446 1879 505 bib

237 536 305 590 dum
327 533 438 590 sortiter
454 546 531 592 auras
556 545 630 608 qood
653 554 748 598 amoro
772 553 818 599 tuo
843 546 954 618 dignum
974 566 1035 607 esse
1050 560 1072 615 A
1088 555 1177 610 bitom
1193 553 1364 619 reverentia,
1381 554 1472 609 nescia
1489 554 1661 613 necessitatis
1674 556 1795 625 dileetio,
1814 559 1878 616 dnm

238 628 355 682 rninirne
380 629 483 685 certius
505 630 701 701 comprobasti.
717 633 817 690 Virtuti
836 636 1034 708 impendendus

237 731 280 775 est
294 735 382 774 atuor.
394 719 466 776 ⁴Sola
494 722 576 777 animi
592 724 678 780 rictus
694 726 828 799 diligenda
843 740 885 785 est
904 731 930 786 in
946 732 1035 787 borni·

238 813 403 869 noluissed
423 815 481 870 sola
500 818 592 872 anima
608 818 707 884 virtus,
727 834 789 875 cum
815 822 852 877 sit
866 825 1033 894 appetenda,

237 903 397 973 specialiter
415 915 441 959 et
454 906 592 963 inhianter
614 908 743 965 inritando
758 922 819 977 est;
837 922 879 968 est
892 914 990 979 etiam,
1006 916 1034 970 in

236 1012 404 1066 quoeunque
428 998 522 1066 itterit,
536 1001 714 1072 singulariter
737 1003 887 1072 diligentia.
911 1005 973 1062 llaec
991 1008 1030 1061 id·

236 1090 314 1144 circo
325 1089 442 1144 dixerim
459 1094 656 1161 aurantissimc,
671 1098 734 1166 quia
752 1096 865 1152 nimium
881 1097 936 1152 eito
951 1113 1033 1169 cape·

239 1181 291 1247 ris,
302 1189 331 1235 et
345 1196 389 1236 me
404 1181 505 1238 rideris
530 1184 643 1257 diligere
666 1188 743 1257 quasi
757 1188 789 1242 de
802 1190 949 1244 sanctitate
973 1204 1032 1244 urea

237 1270 366 1326 conscius
381 1272 429 1331 sis.
447 1273 500 1330 Sed
519 1274 583 1331 licet
606 1293 648 1331 me
668 1280 794 1349 ‹grtamris
811 1281 950 1351 indignum
967 1296 1035 1352 gau·

237 1365 317 1418 deam
332 1365 419 1434 diligi,
441 1366 541 1423 uollern
565 1376 592 1423 to
608 1378 699 1425 tarneu
726 1372 752 1426 in
773 1387 867 1427 amore
882 1372 1033 1442 errjrrspiam

237 1455 363 1511 lcarudern
384 1457 451 1528 pati.
475 1458 560 1531 Dilige
577 1461 659 1516 Deum
683 1464 785 1519 luntetn
808 1466 966 1535 sapientius,
983 1483 1033 1521 au·

235 1557 343 1602 etoceur
358 1549 476 1611 rlrtotis.
499 1550 621 1607 datorem
646 1554 752 1622 gratia,
767 1556 958 1623 promissorem
976 1559 1034 1627 glo-

238 1639 299 1702 ric,
319 1638 493 1696 beatitudinis
508 1641 677 1713 largitorem.
702 1644 816 1701 Setrire
841 1646 892 1711 illi,
919 1663 1035 1718 regnare

1086 646 1178 715 egredi
1202 645 1335 702 terminos
1357 646 1466 702 sicariae
1486 648 1675 704 connectionis
1692 649 1877 719 eornpellitur,

1088 736 1114 788 in
1135 734 1232 792 affectu
1248 736 1342 807 procul
1357 736 1439 793 dubio
1453 738 1619 794 minoratur.
1635 738 1675 793 Ει
1694 740 1744 795 boc
1764 740 1880 795 sidciun·

1086 829 1119 882 ad
1137 828 1302 884 visitandum
1317 829 1435 895 tardior,
1451 832 1632 887 verecundior
1650 832 1684 886 ad
1701 834 1878 904 colloquium.

1088 921 1121 974 ad
1138 920 1313 976 salutandum
1334 922 1500 986 timoratior,
1523 923 1556 977 ad
1577 924 1723 993 petendum
1745 926 1877 988 timidior,

1087 1012 1212 1067 tenacior
1227 1012 1261 1067 ad
1275 1015 1468 1081 qrraestaudum.
1483 1014 1549 1070 Cum
1566 1030 1616 1085 ego
1635 1016 1727 1085 itaque
1744 1019 1795 1072 sicu
1810 1019 1880 1072 iuter

1087 1102 1212 1156 modicos
1225 1103 1364 1166 rttiuimns,
1381 1113 1410 1157 tu
1429 1119 1544 1175 nragnns
1561 1105 1634 1160 inter
1647 1108 1792 1170 mariruos,
1807 1123 1879 1176 qnae,
1914 1158 1917 1174 ,,

1086 1195 1212 1258 olrsccro,
1232 1210 1324 1248 recuro
1342 1204 1397 1250 taur
1417 1196 1608 1251 dissidentium
1626 1207 1718 1267 potest
1737 1214 1797 1254 esse
1814 1214 1881 1255 eon·

1087 1284 1189 1347 tentio,
1205 1292 1235 1339 ot
1251 1285 1278 1338 iu
1296 1285 1378 1341 rebus
1394 1295 1448 1340 tam
1465 1286 1621 1356 disparibus
1633 1288 1720 1343 aruica
1741 1290 1792 1343 sibi
1808 1290 1881 1358 pari·

1088 1384 1143 1431 tute
1161 1376 1273 1432 dilectio
1297 1377 1469 1433 delectetur?
1492 1377 1552 1435 Non
1577 1380 1634 1435 bare
1659 1380 1772 1446 ideireo,
1798 1380 1881 1436 Pater

1087 1466 1254 1530 retrerarnle,
1278 1466 1413 1531 dixerim.
1436 1467 1508 1536 quod
1537 1478 1563 1525 tc
1581 1471 1711 1525 desistant
1735 1471 1881 1541 aliquando

1088 1557 1214 1611 uenerari
1235 1568 1262 1612 et
1278 1558 1404 1630 diligero,
1424 1560 1571 1615 dummodo
1587 1564 1657 1629 apud
1673 1575 1701 1618 te
1720 1566 1879 1618 corrnersari

1089 1647 1177 1701 rictus
1200 1656 1229 1702 et
1246 1649 1349 1703 ueritas
1371 1664 1425 1704 nou
1442 1650 1588 1705 desistant.
1606 1650 1667 1705 llius
1680 1652 1753 1705 euinr
1768 1651 1881 1719 diligero

236 1733 450 1804 condiligere,
473 1736 574 1799 ιιιιιις
597 1737 746 1805 inhorrere,
769 1741 919 1802 sauctitas:
937 1756 1034 1811 perce·
1088 1740 1122 1792 ad
1142 1753 1335 1809 quameunque
1356 1756 1386 1796 sc
1406 1740 1544 1797 odiciuam
1567 1743 1745 1807 eorrtulorint,
1770 1743 1821 1795 nrei
1838 1752 1880 1796 est

237 1825 300 1882 nire
314 1828 348 1880 ad
360 1825 445 1894 illurn,
459 1829 550 1894 salus;
563 1826 638 1883 illum
665 1838 767 1895 tenere,
783 1829 870 1884 bonor
887 1842 913 1885 et
928 1831 1032 1900 gloria;
1088 1832 1211 1897 oruuiuo,
1226 1831 1290 1887 lesu
1305 1834 1470 1902 opitulante,
1483 1836 1635 1906 propositi;
1658 1852 1709 1891 ιιι
1730 1835 1766 1889 illi
1781 1845 1880 1903 potero

237 1932 301 1975 cunr
318 1917 363 1973 illo
378 1934 446 1987 esse,
462 1919 602 1977 beatitudo
612 1928 639 1977 ct
655 1920 771 1977 lelicitas
784 1922 960 1991 serupiterno.
976 1923 1035 1980 Ca·
1050 1910 1070 1964 ⁰
1086 1937 1136 1990 per
1162 1921 1290 1978 allectum
1313 1924 1422 1990 deesse,
1446 1941 1526 1995 quent
1547 1927 1635 1996 gratia
1657 1926 1774 1982 voluerit
1796 1926 1880 1981 tarnis

238 2019 339 2075 terunt,
361 2012 430 2066 sicot
452 2013 553 2067 asseris
567 2014 593 2066 in
608 2012 707 2068 litteris
722 2014 775 2069 tuis
795 2014 867 2083 quod
882 2015 949 2070 nibil
964 2032 1034 2073 atne
1086 2012 1279 2081 splendoribus
1295 2014 1447 2070 illustrare.
1468 2016 1503 2070 tn
1514 2028 1591 2073 corte
1604 2017 1668 2073 licet
1683 2032 1761 2072 antor
1773 2016 1879 2088 gratui-

238 2102 594 2172 requiras,prohibitionem
611 2119 700 2160 nteatnt
717 2105 907 2163 beneseruare
922 2108 1032 2165 rideris.
1086 2117 1130 2160 tua
1147 2120 1257 2161 ornnem
1279 2120 1348 2176 pene
1373 2107 1475 2164 lrabeat
1500 2109 1692 2173 necessitatem
1716 2111 1879 2164 reverentino

237 2194 294 2249 Seu
315 2195 380 2264 quid
402 2205 454 2261 est,
469 2197 597 2260 obsecro,
611 2197 677 2251 milri
693 2198 832 2266 scribere,
852 2199 904 2254 nisi
919 2199 1034 2268 alicujus
1084 2210 1253 2269 suspectant,
1274 2214 1328 2253 nou
1355 2208 1446 2270 potest
1464 2210 1572 2255 amator
1596 2201 1705 2254 rietatis
1732 2200 1783 2255 ista
1812 2200 1878 2255 ade·

238 2288 361 2359 responsi
376 2289 536 2358 rescriptum
554 2290 701 2358 requirere,
723 2299 763 2354 ut,
780 2289 845 2343 dum
866 2290 945 2360 quasi
960 2304 1035 2346 corn·
1083 2299 1245 2346 ctnoseuou
1258 2290 1371 2361 diligere
1385 2292 1469 2345 etiam
1488 2290 1517 2345 iu
1534 2292 1681 2360 episcopis,
1696 2291 1760 2347 licet
1772 2301 1880 2363 satagat

237 2382 324 2454 pellor
341 2383 504 2451 repondere
517 2382 628 2448 litteris,
638 2382 770 2438 indirecte
784 2384 891 2439 litteras
903 2394 1034 2453 expetere

236 2472 367 2530 ridearis.
387 2471 578 2530 Verumtamen
596 2480 706 2543 propter
721 2473 773 2528 troc
786 2488 839 2529 non
855 2474 958 2528 irascar
972 2473 1032 2541 tibi,

235 2566 260 2622 si
277 2566 394 2623 colueris
410 2576 437 2621 et
457 2566 578 2635 potueris
588 2566 687 2635 sapius
697 2563 850 2621 rescribere
865 2564 953 2631 nribi;
969 2566 1033 2635 quia

235 2674 334 2716 resera
360 2675 393 2716 ex
414 2658 603 2728 frequentibus
617 2658 718 2713 litteris
734 2666 776 2712 est
792 2657 895 2712 auroris
909 2658 1034 2726 quadam

235 2748 366 2820 probatio
391 2747 586 2819 permanentis.
607 2748 664 2819 Ego
679 2755 770 2803 autern
796 2747 863 2803 nibil
877 2747 951 2804 aliud
975 2758 1035 2804 ato

235 2856 333 2913 quaero
349 2840 399 2896 nisi
425 2849 454 2895 ut
470 2856 520 2911 pro
540 2838 661 2911 peccatis
674 2841 742 2896 tricis
757 2841 790 2895 ad
807 2842 890 2896 bearn
907 2848 951 2895 toa
968 2856 1033 2911 per·

236 2940 347 2990 areret
359 2930 458 2994 oratio.
472 2942 500 2986 ct
515 2933 555 2987 sic
568 2946 618 3001 per
640 2931 698 3004 ojus
714 2932 829 3003 gratiam
846 2932 923 2987 rivas
939 2941 969 2987 ut
992 2934 1033 2989 di·

236 3038 309 3093 gnus
324 3023 366 3078 sis
386 3022 431 3093 qui
450 3024 522 3093 quod
543 3023 612 3093 petis
631 3024 774 3091 obtineas;
789 3024 853 3094 quia
871 3022 944 3080 nulla
965 3024 1038 3082 nubi.

237 3115 275 3174 tle
296 3115 362 3169 ineis
384 3114 490 3170 meritis
505 3124 547 3170 cst
571 3115 681 3182 dilucio,
693 3114 745 3170 nisi
762 3129 805 3171 nre
818 3116 906 3170 oratio
922 3114 1033 3184 adjuret

236 3219 268 3266 et
279 3207 401 3265 sublevet
416 3208 516 3265 alsseua.
532 3207 597 3264 llalo
616 3208 643 3263 iu
661 3206 777 3264 borrriro
790 3221 907 3277 scurpec.

517 3323 686 3382 Ertsrobt
707 3323 751 3379 tt.

1085 2381 1224 2451 castigare
1240 2380 1380 2448 allectum,
1396 2397 1431 2438 ne
1441 2398 1471 2438 se
1483 2399 1532 2454 pec
1544 2382 1671 2439 effectum
1685 2385 1783 2453 prodat
1799 2384 1878 2440 ioris.

1086 2469 1241 2538 bppiausus
1252 2471 1354 2542 quippe
1368 2473 1617 2542 contemptibilium
1633 2489 1698 2544 erga
1715 2474 1879 2543 spectabiles

1086 2559 1218 2616 laeillitne
1245 2561 1279 2617 de
1304 2572 1441 2618 eorrreutu
1466 2563 1602 2633 arguitur,
1630 2566 1702 2619 undo
1723 2565 1879 2621 corrsultius

1085 2654 1159 2708 intra
1185 2651 1439 2724 allectum-puritas
1458 2654 1560 2711 amoris
1587 2670 1617 2711 se
1636 2658 1769 2722 coratinot,
1793 2672 1877 2727 ‹prraru

1085 2761 1116 2801 so
1130 2744 1198 2801 loris
1208 2746 1346 2816 aliquibus
1367 2748 1477 2803 indiciis
1496 2748 1664 2804 manifestet.
1683 2748 1740 2819 Ego
1761 2748 1878 2819 proinde

1085 2837 1175 2894 incolo
1200 2837 1313 2895 claustri
1337 2839 1445 2895 dulcius
1463 2848 1491 2894 et
1511 2840 1635 2896 securius
1660 2841 1732 2911 elegi
1753 2839 1879 2909 [tequea-

1086 2942 1144 2987 tace
1170 2931 1363 2988 cisterciensis
1391 2932 1572 3002 pbilosophis
1604 2933 1763 3004 tugurium,
1792 2948 1877 3002 qnanr

1084 3023 1204 3079 strumum
1218 3022 1336 3093 scurriet
1347 3036 1395 3093 per
1408 3023 1491 3079 urbes
1503 3024 1725 3094 inviserentur
1742 3039 1785 3079 nrc
1797 3023 1879 3094 lugeo

1084 3131 1154 3187 peno
1181 3116 1207 3173 iu
1231 3116 1361 3188 episcopo
1384 3116 1548 3186 perdidisse.
1567 3118 1766 3174 llernrutatoen
1783 3118 1878 3172 damni

1085 3209 1167 3280 iurjus
1188 3208 1216 3264 iu
1237 3207 1290 3265 boe
1309 3208 1436 3266 idoneam
1459 3209 1745 3281 recompensationem
1762 3208 1875 3279 recipio,

1085 3305 1108 3360 si
1125 3319 1176 3374 per
1190 3304 1396 3359 venerationem
1421 3313 1495 3358 tuaru
1520 3302 1709 3360 misericordia
1730 3311 1758 3359 et
1776 3301 1877 3358 vertras

340 3437 374 3476 ,υ
393 3434 499 3477 omn
517 3432 663 3473 „gemm
683 3430 857 3472 „mm
872 3417 922 3488 (ρ),
1085 3397 1157 3465 apud
1176 3397 1245 3453 alios
1258 3406 1285 3452 et
1301 3398 1422 3452 maxime
1436 3387 1559 3453 subditos
1575 3397 1678 3452 iaciunt
1695 3397 1760 3468 qnid
1772 3396 1877 3453 iacien-

237 3519 334 3592 Μή,
351 3519 437 3589 ppwm
459 3515 529 3586 mg
548 3529 604 3570 ,Μ
631 3513 750 3568 praem,
767 3512 928 3584 Μηρώ
942 3514 1032 3570 pappa,
1084 3489 1150 3544 dour
1167 3490 1216 3546 tibi
1234 3507 1284 3560 pec
1307 3491 1455 3547 sacerdotii
1479 3491 1663 3547 ministerium
1687 3489 1876 3558 iniurrrerout.

552 3585 703 3652 irnpornerit
1084 3582 1182 3637 Statua
1208 3582 1278 3639 salis
1302 3597 1348 3646 ea,
1374 3582 1464 3654 pastui
1500 3592 1528 3638 ct
1555 3582 1692 3653 profectui
1716 3582 1875 3638 animalium

275 3676 349 3734 Patri
359 3676 386 3732 in
398 3674 508 3731 Cinisto
521 3670 683 3728 charissimo
694 3671 725 3728 0.
739 3672 786 3728 bei
797 3673 884 3743 gratia
896 3672 1035 3729 Parisicn-
1083 3689 1258 3730 cururnunem
1276 3685 1301 3730 tc
1316 3677 1428 3742 oriribe,
1445 3683 1473 3730 ut
1494 3674 1541 3745 qui
1563 3674 1597 3731 de
1615 3674 1707 3731 modio
1722 3683 1833 3730 erectus
1845 3688 1877 3731 es

239 3769 264 3825 si
278 3768 419 3839 episcopo,
440 3767 524 3822 trater
545 3765 722 3831 b.,omniuut
742 3766 937 3821 monachorum
953 3763 1033 3820 tnini·
1084 3782 1171 3836 snper
1186 3767 1344 3824 candelabri
1361 3768 1551 3833 eminentiam,
1575 3766 1713 3822 uniuersis
1733 3766 1832 3822 ardeas
1847 3766 1876 3821 io

239 3875 315 3928 mus,
330 3859 445 3915 salutern
462 3857 489 3913 in
504 3858 601 3930 spiritu
618 3857 740 3913 scientia
754 3858 919 3927 etpietatis.
1085 3856 1236 3914 lucernam.
1255 3856 1334 3914 Venit
1353 3869 1459 3927 tempos
1472 3867 1511 3923 ut,
1529 3858 1553 3913 sl
1568 3872 1629 3928 quse
1648 3865 1691 3912 est
1709 3855 1872 3926 gloriatura

276 3952 392 4022 Quoties
405 3953 504 4009 scribit
526 3952 633 4008 anricus
651 3965 741 4016 meus,
763 3950 892 4007 artricitire
912 3951 983 4008 ratio
1004 3960 1033 4007 ot
1085 3947 1173 4017 stragis
1193 3949 1322 4018 splendor
1334 3949 1486 4012 elucescat,
1500 3947 1563 4002 dam
1579 3946 1612 4000 de
1634 3944 1805 4000 urmamemo
1824 3944 1877 4001 Ee·

239 4045 343 4103 autoris
356 4045 464 4117 pristini
480 4058 546 4099 usus
563 4043 597 4099 ad
614 4043 776 4098 moruoriam
793 4044 863 4098 redit
885 4061 891 4098 :
910 4059 964 4100 non
982 4045 1031 4110 ita,
1057 4083 1059 4086 .
1085 4038 1176 4093 elesiae
1198 4037 1242 4092 ille
1262 4035 1374 4091 Luciler
1390 4035 1504 4099 occidit,
1525 4033 1573 4103 qui
1595 4032 1658 4088 ritae
1675 4045 1732 4087 soae
1749 4028 1876 4087 radiiset

239 4138 343 4205 lateoc,
356 4136 521 4195 venerabilis
538 4134 629 4201 Pater..
646 4133 755 4190 affectio
769 4149 829 4190 rnea
845 4143 871 4190 te
884 4134 935 4192 sibi
949 4136 1034 4191 sentit
1085 4128 1219 4185 doctrina
1250 4127 1442 4199 splendoribus
1463 4135 1520 4181 tum
1543 4124 1627 4181 toties
1649 4120 1883 4192 bemispbaertam.

239 4230 462 4295 accommodum,
485 4229 558 4284 sieut
575 4237 639 4283 ante
662 4226 807 4283 cousuevit
823 4226 968 4296 aliquoties
985 4243 1035 4284 ex·
1085 4222 1244 4277 illustrarit.
1264 4220 1303 4277 Tc
1322 4220 1442 4278 arbitror
1468 4217 1633 4290 intelligere,
1664 4214 1783 4287 sapienti
1800 4212 1873 4268 enim

239 4322 338 4395 periri.
355 4322 456 4382 ilerum
478 4336 533 4376 ntro
557 4320 611 4376 ltoo
629 4317 711 4375 amici
727 4319 806 4384 citio,
828 4318 876 4374 sed
893 4318 1032 4376 affectioni
1085 4317 1192 4387 loquor,
1205 4316 1271 4385 qnia
1282 4313 1316 4368 de
1337 4309 1536 4384 piaememoriae
1552 4318 1664 4366 cantore
1675 4305 1821 4362 Parisieusi
1833 4304 1874 4378 (ὅ)

239 4415 334 4489 potios
354 4413 458 4471 vitiosae
478 4411 665 4483 ascripserim,
683 4409 748 4465 licet
761 4418 891 4467 occurrat
904 4410 969 4466 milri
984 4410 1034 4465 ali·
1086 4411 1114 4466 id
1136 4409 1268 4475 dixerim,
1290 4414 1318 4462 ct
1334 4406 1440 4461 utinam
1455 4405 1489 4461 dc
1511 4402 1580 4458 tanti
1595 4403 1645 4457 riri
1667 4408 1756 4457 morte
1769 4398 1872 4462 doleas,

239 4509 308 4581 quid
321 4505 394 4564 undo
407 4522 461 4564 non
480 4505 619 4561 immerito
638 4503 752 4559 alterari
770 4502 883 4560 dileetio
894 4502 1030 4560 rideatur.
1086 4500 1313 4572 quiescendum
1331 4497 1510 4570 quorumdam
1524 4495 1689 4566 opinionem,
1712 4492 1823 4547 minime
1840 4492 1875 4548 do

239 4602 297 4660 Pro
309 4602 386 4659 uario
408 4614 475 4657 sanc
497 4614 589 4655 rerum
609 4607 681 4653 statu
706 4597 808 4655 auroris
822 4607 920 4652 natura
934 4613 963 4653 se
985 4613 1032 4651 ra·
1049 4620 1070 4674 ὓ
1085 4595 1144 4666 ejus
1158 4591 1271 4648 dolebas
1286 4591 1425 4655 absentia,
1440 4588 1486 4644 cui
1500 4597 1591 4642 tamen
1608 4587 1646 4641 rei
1664 4585 1742 4640 iidem
1757 4599 1810 4639 non
1825 4598 1875 4654 po·

238 4696 307 4761 rial,
323 4701 352 4751 et
365 4707 430 4764 erga
446 4705 543 4747 causas
558 4687 717 4755 dissimiles,
733 4688 934 4758 dissimilesque
947 4698 1033 4741 mato-
1086 4687 1125 4741 tui
1147 4684 1295 4742 adiribecel
1330 4680 1486 4738 omittenda
1510 4687 1575 4735 sunt
1598 4677 1708 4733 iuterim
1735 4675 1788 4729 alia
1812 4689 1874 4744 qum

240 4787 300 4842 riae
320 4785 393 4844 solet
414 4782 735 4851 dissimilitergaestuarc.
751 4777 818 4833 Cum
838 4778 922 4846 igitur
934 4777 962 4831 in
979 4790 1033 4832 rrrro

238 4879 394 4950 eodemque
413 4877 525 4935 bomine
548 4873 667 4929 auricunr
690 4868 801 4925 attendo
821 4879 849 4925 et
862 4869 1032 4940 episcopum,

237 4977 270 5025 et
291 4968 409 5025 alterurn
441 4963 569 5023 larrriliari
593 4961 709 5034 gandeat
736 4959 890 5030 diligentia,
917 4957 1032 5013 alterurn

238 5075 309 5117 sero
322 5076 372 5132 pro
390 5060 521 5130 dignitate
536 5054 586 5113 sibi
602 5064 629 5111 et
643 5053 735 5123 exigat
749 5051 942 5114 rerereutiarn.
957 5066 1034 5107 autor

237 5152 406 5210 reuerentiae
430 5150 540 5206 nescias
564 5145 734 5215 dominiique
755 5143 920 5214 impatiens,
952 5150 1034 5196 tauros

238 5235 412 5292 dissidentia
432 5252 487 5292 non
505 5235 653 5291 consentit.
679 5232 730 5289 b'bi
746 5232 876 5287 nimirum
892 5232 918 5288 iu
931 5233 1034 5287 auroris

239 5330 355 5402 negotio
369 5330 519 5385 intervenit
539 5329 689 5385 necessitas
708 5327 877 5389 reverentiae,
891 5341 969 5380 aratrrr
983 5341 1033 5397 pa·

240 5422 315 5479 titur
335 5420 370 5476 de
394 5421 579 5491 inaequalitate
599 5418 783 5489 dispendium,
803 5433 888 5488 seque
906 5434 956 5474 suo
973 5417 1034 5486 jure

240 5515 369 5572 ebaritas
390 5516 501 5588 spoliari
522 5516 710 5585 conqueritur,
725 5515 768 5571 ubi
783 5517 889 5572 exsulat
906 5532 920 5568 a
937 5525 1034 5569 contu·

241 5605 342 5663 beruio
365 5607 488 5662 unitatis.
506 5606 573 5661 burn
588 5605 671 5678 igitur
691 5605 789 5661 bonor-i
805 5607 969 5676 impenditur
983 5606 1034 5685 de·-

282 5742 322 5811 ιι)
345 5741 405 5797 Odo
429 5742 463 5796 de
487 5742 600 5806 Selicio,
625 5745 670 5811 qui
696 5743 824 5799 deiuneto
852 5755 925 5797 anuo
955 5740 1034 5809 ttttt,

243 5811 381 5872 blauricio
392 5814 520 5884 episcopo
537 5813 683 5867 l'arisieusi
699 5812 843 5869 succressit.

281 5882 323 5955 qap
343 5884 459 5941 intruere
476 5884 581 5939 radetur
601 5882 712 5945 Petrum
736 5892 877 5943 canerem
897 5880 1036 5941 Parisior-

802 6098 844 6179 qq.

1086 4780 1164 4833 ianrae
1180 4777 1374 4848 tumimputat
1396 4773 1551 4830 eommunis
1574 4768 1645 4839 rolgi
1659 4767 1751 4838 opinio
1770 4766 1872 4821 duriori

1085 4868 1195 4933 quidem
1213 4866 1370 4922 invectione
1385 4863 1560 4935 dignissima,
1579 4861 1601 4916 si
1622 4870 1694 4915 esset
1709 4858 1755 4928 qui
1770 4867 1796 4913 te
1808 4871 1872 4910 rere

1085 4956 1222 5026 diligeret,
1248 4966 1275 5011 et
1294 4971 1357 5011 vera
1382 4969 1444 5011 esse
1461 4954 1505 5008 illa
1528 4952 1681 5015 inveniens.
1704 4960 1730 5007 to
1747 4964 1810 5004 rere
1826 4963 1874 5002 ac-

1085 5054 1240 5109 cessibilem
1277 5054 1374 5108 amicis
1397 5048 1616 5107 correctionibus
1643 5047 1791 5104 inveniret.
1818 5043 1872 5098 Sed

1086 5145 1158 5200 lucto
1176 5146 1297 5200 causaris
1315 5159 1358 5200 rue
1382 5142 1580 5199 irreverentius
1595 5141 1681 5209 loqui,
1696 5154 1747 5194 nec
1761 5134 1873 5191 ourrtino

1085 5236 1269 5291 lrurnilitatenr
1286 5235 1312 5289 id
1332 5250 1441 5304 sapere,
1453 5234 1527 5305 quod
1542 5233 1657 5289 irnelror
1670 5232 1697 5285 in
1711 5228 1872 5298 episcopum

1086 5343 1142 5386 tarrn
1170 5330 1309 5385 atulaeter.
1333 5326 1387 5382 Sed
1410 5327 1461 5383 boc
1475 5337 1518 5382 cst
1534 5339 1629 5380 rercra
1646 5319 1719 5390 qnod
1734 5317 1871 5378 dixeram,

1085 5425 1149 5492 qnia
1162 5437 1241 5477 atttor
1258 5421 1438 5476 reverentiam
1456 5416 1559 5482 nescit;
1574 5415 1640 5478 iuro,
1653 5412 1723 5466 sicut
1738 5407 1792 5464 sibl
1811 5407 1873 5462 ani·

1085 5531 1157 5580 ntus,
1173 5514 1214 5569 sie
1228 5527 1325 5568 secure
1349 5510 1470 5581 loquitur
1483 5523 1544 5563 curn
1560 5502 1659 5559 autrico.
1676 5499 1785 5556 Oblitus
1799 5512 1871 5566 sum,

1085 5607 1186 5669 fateor,
1204 5602 1370 5674 episcopalis
1392 5597 1565 5660 reuerentia,
1587 5593 1621 5650 de
1642 5592 1759 5663 antiquo
1778 5601 1873 5645 amoro

1087 5756 1145 5796 seru
1169 5737 1278 5807 scriptis
1298 5735 1355 5794 suis
1380 5733 1524 5793 illustrem,
1549 5729 1596 5799 qui
1623 5725 1873 5809 iactrrsmorraclrut

1087 5808 1281 5866 cisterciensis
1299 5809 1326 5863 iu
1346 5802 1525 5871 Longipontis
1544 5808 1722 5867 retonatterro,
1744 5810 1797 5853 nott
1812 5805 1884 5857 otti&

1088 5880 1218 5954 opinione
1232 5876 1386 5937 sanctinus
1399 5872 1524 5930 decessit.
