4425 6450
210 419 263 477 151

691 416 887 477 tet‘tstohAE.
907 450 942 461 -
961 421 1051 478 naus
1071 422 1103 482 ll.
1118 422 1176 484 AN.
1199 422 1363 483 llll-ttae.

1797 425 1847 482 ild

213 536 408 609 recipientibus
428 535 531 607 justum
558 536 584 591 in
613 539 724 594 nornine
754 540 820 609 justi
849 540 1002 596 mercedem
1019 543 1632 611 Aetnam,resumimusdesecantes.
1649 545 1847 611 nnatgaggan,

206 633 276 707 justi
300 631 445 694 retribuet,
472 639 500 685 et
516 645 671 685 mensnram
688 632 786 686 bonam
802 644 830 687 et
850 634 1003 689 coniectent

208 738 237 782 et
263 729 428 795 coagitatam
444 735 470 777 et
494 723 730 793 superclllucntem
743 739 793 794 pro
810 724 1006 783 misericordiae

210 822 316 876 sanctis
329 820 463 890 operibus
475 819 552 874 dabit
566 820 592 873 in
605 821 696 874 sinum
712 836 843 878 restrum.

440 914 523 984 226
540 912 705 970 ertatotn
727 916 779 971 ct.

383 1022 417 1060 tta
429 1022 584 1061 eusuesseu
601 1022 836 1063 tncurertscorutt.

213 1100 270 1158 stt
296 1102 400 1156 nornine
425 1100 575 1155 Salomonis
597 1104 762 1157 commendat
789 1099 897 1157 Petrum
925 1103 1008 1171 ipsius

550 1181 679 1241 tlepolem.

251 1265 389 1322 Luniensi
407 1265 614 1338 archiepiscopo
634 1265 752 1322 salutem
772 1268 947 1337 teutporalent
961 1281 1009 1337 pa-

215 1358 284 1414 riter
295 1367 322 1412 et
332 1368 476 1413 aeternam.

254 1451 328 1506 Felix
352 1466 435 1520 opera
448 1460 476 1508 et
503 1451 639 1520 impensa,
663 1432 745 1520 cujus
757 1451 936 1506 intentionem
953 1448 1012 1505 lru·

215 1551 329 1598 ctuosus
343 1544 421 1599 sinus
444 1543 562 1612 excipit,
579 1544 744 1599 desiderium
764 1543 884 1614 coruplet
908 1542 1011 1606 exitus,

216 1637 277 1706 spei
292 1635 390 1689 tiducia
406 1649 455 1690 nec
472 1634 584 1694 tollitur.
612 1650 664 1691 nec
689 1636 828 1690 mentitur.
844 1633 906 1689 llaec
924 1633 950 1688 iu
963 1633 1008 1687 Sa·

216 1729 328 1786 lomene
340 1738 431 1784 restro
446 1744 510 1784 rere
528 1730 620 1784 verbis
635 1739 663 1784 et
674 1729 802 1799 oper-ihus
814 1726 938 1797 pacillco,
960 1740 1013 1781 nun

218 1820 335 1876 inritum
350 1835 397 1875 ros
409 1820 526 1877 inritare
540 1820 648 1886 dehent,
660 1831 689 1875 ut
705 1820 778 1889 quod
793 1818 820 1873 iu
832 1833 865 1874 eo
883 1816 1015 1872 bouemle

220 1909 355 1979 coepistis,
371 1910 492 1966 lteuctice
506 1909 679 1979 compleatis,
702 1919 900 1979 prosequentes
914 1908 1013 1963 bonam
1032 1889 1053 1944 Β

218 2001 329 2072 invenis
341 2002 471 2068 indolem,
491 2004 536 2072 qui
549 2004 589 2058 sic
603 2004 754 2059 litterarum
766 2003 864 2060 stmliis
887 2002 1015 2067 intendit,

219 2105 253 2149 ut
269 2111 283 2150 a
297 2094 427 2150 virtutum
443 2096 550 2151 semitis
562 2111 615 2151 non
630 2095 751 2156 recedat.
765 2095 861 2151 Planta
886 2104 939 2158 est,
955 2110 1015 2162 quze

220 2184 339 2254 perlici
360 2184 520 2255 gratinmet
542 2186 732 2255 irrigationem
761 2197 891 2250 nestram,
919 2184 1016 2240 lectur·

221 2273 286 2328 dnm
298 2275 434 2331 coalescet
448 2275 474 2330 in
490 2276 626 2342 arborem,
643 2277 721 2347 cnjus
736 2287 764 2332 et
784 2276 878 2331 lulium
892 2277 947 2332 cito
962 2292 1015 2332 nau

221 2365 336 2435 defluet,
361 2377 389 2423 et
412 2367 530 2424 linctum
557 2384 634 2424 suum
666 2370 740 2424 dabit
772 2372 798 2425 iu
816 2378 938 2439 tempure
956 2384 1016 2424 suo.

222 2460 425 2516 Testimonium
441 2461 466 2516 ci
483 2462 659 2532 perhibemus
670 2462 850 2517 commoranti
874 2461 1018 2516 uobiscum

224 2553 254 2608 iu
285 2562 387 2618 struma,
416 2554 481 2623 qnia
505 2553 533 2608 iu
559 2553 663 2609 scholis
682 2552 820 2614 assiduus.
847 2554 978 2609 lrouestus
991 2554 1019 2609 iu

223 2648 354 2717 hospitio,
369 2661 420 2701 uec
432 2645 537 2701 ellusns
553 2645 580 2700 in
601 2644 755 2715 superfluis,
780 2661 829 2702 nee
843 2645 869 2700 in
891 2659 1020 2701 necessa·

224 2740 276 2793 riis
287 2750 329 2794 est
345 2749 488 2808 angustus.
501 2737 645 2793 Sociorum
662 2738 882 2793 benevolentiam
898 2739 938 2793 sic
965 2752 1022 2793 me·

225 2845 314 2902 retur,
340 2841 370 2887 ut
396 2834 518 2887 omnium
543 2832 659 2903 gratiam
681 2847 733 2888 nou
762 2833 882 2889 amittat.
899 2831 1023 2889 Gaudeat

225 2942 312 2998 super
328 2941 362 2982 eo
378 2935 472 2981 saneta
488 2925 639 2996 paternitas
666 2934 768 2991 restra,
785 2935 812 2980 et
833 2926 964 2981 illustrem
977 2941 1022 2981 re·

226 3023 278 3077 stri
292 3020 434 3089 sauguinis
452 3018 640 3075 celsitudinem
657 3018 697 3075 sic
720 3018 846 3075 exaltetis
863 3019 890 3075 in
907 3020 977 3087 ipso,
993 3028 1023 3076 ut

227 3122 257 3168 ct
283 3114 371 3169 honor
396 3111 455 3180 ejus
483 3121 559 3167 tanto
586 3112 867 3182 respondeatgeneri.
885 3120 913 3166 et
936 3125 1023 3183 genus

229 3216 336 3265 tantum
350 3215 565 3263 consentaneum
583 3204 620 3261 sit
637 3203 744 3260 honori.
767 3203 814 3259 Sic
828 3202 961 3274 glorietur
974 3217 1022 3275 pa-

230 3312 309 3357 truus
323 3300 349 3355 iu
367 3308 477 3369 nepote,
494 3306 521 3350 ut
535 3310 620 3367 nepos
637 3313 670 3353 ex
683 3307 781 3368 patruo
795 3297 967 3354 sublimetur.

447 3394 529 3464 227
548 3391 715 3448 eetstotu
735 3390 800 3448 cut.

438 3499 472 3539 aa
506 3496 633 3547 quenula
658 3499 819 3541 casontcuu:

232 3578 402 3637 facultatem
414 3576 533 3632 concedit
545 3574 653 3630 cuidant
669 3594 718 3632 sno
741 3578 871 3633 canonico
885 3578 966 3632 alium
981 3593 1025 3632 or·

315 3651 403 3705 dinem
417 3647 593 3719 ingrediendi,
615 3664 646 3701 nc
660 3649 689 3703 t'n
702 3665 732 3703 eo
743 3649 934 3703 contrnornndt'.

269 3743 402 3798 lavandae
417 3749 481 3795 sunt
494 3739 660 3805 voluutates,
674 3739 774 3809 quihus
792 3748 821 3794 ct
835 3740 943 3796 ueratro
955 3754 1025 3809 prn-

232 3835 280 3889 het
299 3834 415 3902 initium,
444 3839 472 3888 et
496 3846 611 3901 quarum
631 3830 762 3886 discretio
787 3830 1025 3903 heluat-progres«

230 3944 305 3985 surn.
332 3926 394 3983 llaec
408 3926 581 3981 attendentes
607 3923 635 3978 in
651 3924 749 3980 dilecto
773 3933 866 3980 nostro
882 3926 916 3980 ll.
936 3926 1025 3982 latore

232 4023 420 4093 praesentium,
434 4021 624 4077 concanonico
641 4028 748 4085 nostro,
768 4018 946 4088 petitionibus
965 4019 1026 4089 ejas

233 4129 288 4172 nec
300 4115 436 4171 obsistere
448 4114 552 4168 diutius
567 4112 710 4178 audemus,
733 4125 783 4166 uec
798 4112 943 4167 detrahere
958 4111 1026 4165 inte·

233 4224 314 4279 grum
328 4208 497 4263 arbitramur
509 4225 516 4260 :
529 4205 644 4262 liberam
658 4205 740 4276 igitur
753 4205 777 4260 ei
795 4206 904 4260 domum
916 4203 1026 4276 religio-

234 4303 279 4357 nis
299 4301 456 4371 erpetendi,
476 4310 504 4356 et
528 4299 648 4356 intrandi
670 4300 765 4355 damus
781 4297 933 4363 licentiam,
959 4312 1026 4366 qua·

236 4404 316 4450 tenus
340 4394 411 4464 apud
435 4392 595 4462 aliosquam
620 4390 765 4461 spadum,
781 4391 838 4445 beo
862 4389 984 4460 juvante,
1000 4396 1027 4444 et

236 4488 342 4542 arctius
371 4486 455 4552 vitat,
479 4492 506 4539 et
526 4483 679 4539 districtius
702 4489 909 4538 conversetur:
931 4494 1027 4553 preces

1059 646 1187 710 totusque
1215 639 1345 695 Ecclesiae
1367 649 1519 695 contentus
1544 639 1665 703 humilis,
1680 638 1795 694 salntem
1819 639 1847 694 in

1058 732 1155 787 salutis
1167 732 1296 789 Auctore.

1097 823 1169 880 l'iris
1185 826 1347 891 illustribus,
1363 828 1447 897 etqui
1461 829 1495 884 de
1510 829 1643 899 sauguine
1661 828 1735 899 regio
1747 826 1851 881 ducunt

1059 917 1205 985 originem,
1220 920 1331 990 proprie
1343 921 1484 984 cotrreuit,
1502 932 1532 975 ut
1548 922 1620 975 sicut
1635 928 1699 973 suut
1715 917 1850 985 tuagniltrl

1060 1008 1143 1079 228
1159 1026 1268 1079 galtere,
1294 1013 1329 1066 ita
1349 1016 1404 1067 sint
1434 1015 1555 1068 tttttnisrei
1578 1014 1713 1083 largitate.
1736 1011 1813 1077 Qttud
1829 1013 1851 1064 si

1060 1100 1175 1170 largitas
1195 1119 1281 1174 usque
1307 1106 1340 1159 ad
1357 1106 1488 1160 ecelesias
1503 1106 1678 1171 extendatur,
1699 1114 1726 1160 et
1743 1121 1792 1174 pro
1807 1120 1854 1159 sa·

1060 1194 1118 1251 lutc
1148 1196 1256 1268 propria
1285 1197 1433 1266 requieque
1459 1196 1662 1261 dehntcturutu,
1693 1195 1855 1249 eturattime

1061 1300 1207 1356 parentum
1219 1305 1252 1344 ac
1263 1289 1488 1358 propinquorum.
1510 1291 1556 1360 qui
1578 1288 1754 1343 facultatibus
1769 1289 1856 1341 almu-

1062 1381 1139 1447 daut,
1172 1383 1231 1438 loca
1248 1382 1375 1453 religiosa
1398 1383 1520 1447 risitent,
1536 1396 1669 1452 pauperes
1687 1380 1772 1444 aiarrt,
1786 1381 1855 1435 elee-

1063 1489 1191 1545 mosynas
1203 1473 1380 1538 distribuant,
1397 1487 1491 1527 coram
1503 1474 1558 1529 beo
1572 1474 1699 1544 gratiam,
1725 1483 1752 1526 et
1762 1486 1856 1527 coram

1064 1565 1220 1623 homnibus
1233 1576 1424 1634 promerentur
1439 1564 1682 1621 demonstrator
1698 1573 1857 1620 restercut·

1065 1658 1146 1721 uatis.
1161 1657 1240 1711 hone
1254 1656 1353 1711 indolis
1366 1655 1476 1723 jurenis
1491 1656 1680 1712 waldemarus
1695 1654 1764 1727 (ibt,
1780 1656 1859 1728 cujus

1065 1753 1198 1807 memoria
1220 1751 1248 1806 in
1278 1750 1469 1823 benedictione
1483 1762 1537 1817 est,
1552 1751 1635 1822 'regio
1651 1750 1743 1820 genteri
1767 1759 1858 1806 restro

1068 1844 1205 1913 condigna
1222 1845 1323 1898 uirtute
1338 1843 1516 1912 respondens.
1540 1856 1568 1899 et
1580 1845 1650 1913 apud
1666 1859 1715 1899 uos
1731 1843 1857 1913 spiritum

1069 1936 1186 1991 reddidit
1204 1936 1269 1999 beo.
1283 1943 1311 1991 ct
1323 1935 1395 1991 inter
1409 1951 1459 1991 trus
1476 1951 1575 2007 corpus
1595 1917 1801 1993 'carrrmcndmn
1815 1950 1859 1998 se·

1067 2029 1175 2101 pulcro.
1203 2028 1364 2085 Oratiouum
1385 2044 1418 2085 ac
1442 2029 1639 2085 berteheiormu
1660 2030 1860 2101 spiritualium,

1067 2126 1138 2181 sicut
1150 2140 1221 2180 unns
1234 2140 1267 2181 ert
1284 2124 1374 2187 nobis,
1396 2124 1534 2196 particeps
1547 2133 1599 2188 cst,
1619 2124 1709 2179 eterit
1725 2124 1752 2177 in
1764 2136 1862 2194 perpe

1070 2229 1156 2282 terum,
1175 2225 1351 2274 surrecturus
1361 2218 1389 2273 iu
1405 2217 1449 2272 dte
1460 2216 1559 2286 judicii
1581 2232 1643 2272 cutn
1661 2215 1740 2272 beata
1757 2212 1863 2284 virgine

1069 2309 1230 2375 Gonoessa,
1256 2319 1284 2365 et
1314 2320 1446 2366 extremae
1472 2309 1672 2366 benedictionis
1696 2310 1862 2365 sententiam

1070 2419 1133 2459 cum
1150 2404 1194 2458 his
1209 2403 1256 2473 qui
1272 2420 1286 2457 a
1305 2403 1410 2459 dextris
1434 2413 1525 2468 erunt,
1546 2412 1572 2458 et
1594 2418 1656 2458 eum
1684 2403 1739 2470 ipsa
1761 2401 1866 2472 pariter

1071 2508 1244 2567 recepturos.
1268 2496 1303 2553 tta
1323 2498 1455 2567 quoniam
1482 2497 1603 2567 parietes
1622 2494 1745 2550 ccclesiae
1761 2495 1787 2549 in
1811 2511 1863 2564 qua

1071 2590 1231 2659 requiescit,
1260 2599 1405 2660 pareutum
1435 2599 1602 2653 uestrorum,
1624 2585 1865 2657 adhucgeuttlium

1073 2690 1266 2738 concrematos
1294 2679 1432 2744 incendio.
1463 2688 1490 2735 ct
1506 2678 1590 2734 nimia
1614 2686 1866 2734 exturteretustate

1073 2782 1249 2844 consumptos
1263 2787 1396 2831 renovare
1410 2773 1584 2843 incepimus,
1607 2779 1636 2827 et
1650 2781 1724 2827 sarta
1740 2780 1811 2826 tecta
1827 2771 1868 2841 ip·

1073 2869 1131 2925 sius
1148 2884 1220 2924 nora
1239 2866 1524 2940 lignorummaterie,
1547 2865 1735 2940 plumbeisque
1758 2862 1868 2918 lantiuis

1074 2971 1223 3033 contegere
1250 2960 1459 3032 proposuimus,
1485 2959 1620 3015 nobilitati
1650 2952 1748 3011 restrae
1772 2969 1868 3025 preces

1074 3057 1226 3122 lttrrdimus,
1242 3063 1273 3111 ut
1288 3056 1322 3111 ad
1336 3056 1517 3110 coeuteodum
1533 3053 1672 3123 plumbum
1684 3066 1732 3119 per
1746 3064 1867 3120 prasen-

1076 3152 1144 3207 tium
1160 3149 1277 3206 latorem
1293 3146 1326 3203 G.
1347 3146 1508 3203 canonicum
1521 3154 1644 3200 nostrum
1658 3142 1768 3214 aliquod
1784 3143 1868 3196 bene·

1036 3233 1057 3292 G
1075 3243 1168 3301 lucium
1192 3242 1273 3300 nobis
1288 3241 1416 3306 mittatis,
1439 3239 1556 3295 undeet
1580 3235 1871 3292 alleoreumneretur

1076 3335 1232 3393 liberalitas
1258 3343 1360 3399 restra,
1387 3332 1463 3390 etab
1488 3330 1644 3388 bominibus
1663 3325 1870 3384 commendetur

1074 3432 1184 3504 generis
1198 3428 1283 3485 vestri
1297 3427 1382 3493 lama,
1397 3436 1425 3483 ct
1440 3422 1690 3482 anobiscclcbrior
1704 3431 1730 3476 ct
1743 3419 1871 3490 lrequeu-

1077 3526 1131 3582 tior
1143 3524 1279 3580 habeatur
1294 3521 1389 3578 lratris
1404 3518 1487 3575 vestri
1504 3518 1637 3574 nrettroria
1655 3517 1851 3586 sempiterna„

1285 3659 1368 3733 229
1386 3656 1553 3716 uetstotu
1573 3653 1651 3719 Chlii

1388 3790 1422 3829 to
1440 3787 1558 3835 euunstt.

1077 3892 1116 3949 tt
1128 3907 1159 3946 eo
1172 3890 1253 3946 stiunt
1269 3893 1333 3961 petit
1349 3890 1484 3952 plrrmhum
1500 3889 1670 3944 adzeorlesice
1685 3887 1719 3942 S.
1734 3886 1874 3944 Gerrure‘n

1327 3971 1423 4016 tectum
1445 3960 1631 4029 operiendum..

1114 4079 1299 4135 illustrissimo
1314 4086 1342 4134 at
1352 4075 1587 4133 Christianissimo
1599 4076 1655 4147 regi
1671 4075 1806 4131 brutiorum
1819 4079 1874 4133 tin·

1077 4192 1149 4234 nuro
1164 4175 1231 4248 (71),
1248 4174 1283 4229 lr.
1306 4174 1463 4232 Srreumus
1476 4172 1506 4232 S.
1520 4171 1665 4230 Genorelae
1675 4171 1763 4227 dictus
1778 4172 1874 4239 abhas,

1079 4284 1205 4344 totusque
1217 4270 1302 4343 ipsius
1313 4269 1442 4327 Ecclesiae
1454 4268 1565 4325 humilis
1578 4280 1736 4333 comentes,
1747 4268 1887 4337 salutem,-

1078 4367 1162 4423 ritam
1180 4374 1208 4421 et
1222 4363 1377 4420 victoriam.

1114 4457 1267 4515 Gloriosam
1286 4470 1318 4513 ae
1335 4456 1441 4512 felicem
1466 4458 1542 4528 regni
1566 4457 1705 4512 banorum
1724 4456 1874 4525 paterniano

234 4593 305 4648 ΜΟ
328 4593 377 4648 Ρη,
399 4591 433 4631 ,30
448 4575 624 4645 pop-rgggm„g‚
643 4582 673 4629 ug
690 4573 762 4643 „pud
785 4571 1027 4644 quoseommgfapg
1043 4563 1108 4639 0⁰¹
1123 4553 1262 4619 virtutem,
1280 4566 1334 4621 qua
1349 4551 1454 4621 antiqui
1469 4559 1597 4622 parentes
1608 4551 1694 4606 nestri
1711 4564 1816 4620 pagam
1829 4562 1876 4604 er·

235 4678 345 4742 gratum
374 4669 520 4734 babuerit,
546 4683 595 4739 pro
622 4667 848 4730 cornmendabili,
869 4665 974 4739 legendi
1002 4674 1031 4721 et

235 4761 365 4818 ‹untaudi
377 4763 495 4818 scientia
509 4777 570 4832 quae
586 4763 612 4817 in
629 4776 662 4816 eo
675 4770 733 4827 est,
749 4769 776 4815 et
796 4758 926 4816 trenerole
940 4759 1030 4814 susci·

235 4857 342 4927 piatur,
354 4865 382 4911 et
395 4856 516 4912 bettehce
531 4864 676 4910 tractetur.

505 4947 671 5004 ertstoht
693 4947 767 5003 Cldl.

438 5058 473 5098 ΑΒ
483 5057 608 5099 clausula
625 5057 711 5097 ueneat
728 5057 826 5097 ohhtAE·

236 5136 301 5208 Agit
313 5135 348 5192 tis
367 5136 448 5191 nobili
463 5135 630 5191 adolescente
656 5136 731 5190 Dertro
746 5137 815 5202 npnd
829 5135 857 5190 S.
872 5133 1030 5205 Gettouesnut

387 5240 393 5252 ·
451 5210 506 5278 litto
520 5206 611 5277 [circlo
626 5227 656 5261 nc
668 5206 806 5262 tnrrrnlnto.

275 5298 364 5355 Nobili
379 5301 446 5365 uiro,
462 5309 489 5355 ct
500 5303 534 5355 ab
548 5301 605 5355 aris
615 5304 758 5370 :statuisque
768 5299 875 5371 regibus
889 5308 1032 5371 procreato

275 5466 333 5537 (tot
348 5465 512 5520 lrrscribitur
535 5465 560 5517 iu
584 5461 742 5532 becrolngio
775 5461 804 5516 S.
826 5459 971 5516 Gertorelae
990 5459 1032 5514 his

241 5538 357 5591 verbis:
381 5555 390 5589 (
410 5536 484 5591 Obiit
508 5533 708 5597 waldemarus,
726 5546 811 5603 nepos
836 5531 908 5600 regis
932 5530 1032 5593 liaciae,

239 5609 394 5662 canoribus
404 5615 496 5661 niuster
506 5608 540 5661 ad
554 5604 798 5660 succurrendum.»
810 5601 1032 5656 Declaratauteut

240 5676 334 5747 iubae
348 5677 465 5758 epistola
475 5677 541 5747 quid
553 5677 587 5731 sit
597 5674 748 5731 canonicus
760 5675 794 5727 art
807 5671 1032 5735 sttrenrrcndmu,

240 5761 303 5804 cum
318 5748 467 5819 suhpmgjt,
494 5767 503 5800 (
523 5750 679 5805 orationum
694 5759 727 5800 ac
741 5743 937 5799 lteuehciormu
952 5740 1034 5812 spirl-

241 5819 357 5874 tualium
378 5818 450 5873 sicut
462 5833 533 5874 uuus
547 5833 580 5872 ex
596 5817 674 5874 uobis
687 5817 822 5885 particeps
834 5822 885 5868 est.
902 5831 912 5865 ι

278 5889 335 5964 til)
355 5890 394 5949 lie
407 5889 452 5948 ttto
468 5891 526 5948 berc
545 5890 638 5948 scribit
655 5886 787 5944 lleursius
800 5886 827 5941 ht
845 5883 915 5942 llirt.
932 5883 1033 5941 Darden

1081 4661 1144 4702 rore
1163 4645 1253 4700 adhuc
1273 4643 1388 4708 detenti,
1403 4643 1431 4698 in
1447 4642 1607 4698 tortitudine
1624 4640 1728 4696 brachii
1741 4641 1782 4695 sui
1799 4650 1826 4696 et
1848 4641 1875 4694 in

1083 4736 1180 4794 robore
1193 4735 1293 4792 virium
1309 4749 1421 4791 suarum
1441 4732 1542 4789 Gallias
1557 4732 1726 4797 invaserunt,
1741 4741 1768 4787 et
1783 4732 1877 4785 drina-

1081 4832 1121 4893 les
1136 4832 1310 4889 historiarum
1326 4830 1485 4893 continent,
1500 4835 1528 4882 ct
1543 4826 1698 4881 coturnunis
1713 4825 1783 4881 lama
1807 4825 1876 4882 reei-

1082 4933 1134 4988 ιιι,
1151 4932 1177 4977 et
1200 4921 1308 4977 urbium
1323 4920 1538 4992 oppidorumque
1561 4919 1632 4975 rnuri
1643 4919 1766 4975 semiruti
1785 4929 1877 4992 prote-

1081 5028 1198 5075 stantur.
1215 5017 1254 5071 Ex
1268 5031 1362 5072 eorum
1379 5029 1427 5069 ros
1445 5013 1529 5069 nohili
1543 5014 1628 5083 stirpe
1644 5013 1829 5082 descendisse,
1848 5023 1878 5070 ct

1082 5112 1212 5185 gentilem
1226 5109 1299 5166 illam
1323 5108 1494 5180 tyrannidem
1507 5107 1533 5162 in
1548 5107 1731 5163 Christianam
1748 5121 1876 5162 mansne·

1025 5247 1033 5262 .
1084 5206 1206 5262 tudinem
1233 5212 1355 5260 mutasse
1378 5202 1435 5273 (Ὦ)
1457 5203 1555 5273 gaudet
1584 5209 1670 5258 ntutcr
1686 5198 1816 5262 Ecclesia,
1832 5199 1877 5253 cui

1083 5297 1222 5354 asshluum
1234 5294 1392 5369 impenditis
1406 5292 1662 5359 cultaur„deeotuar
1677 5289 1812 5346 exhibetis
1827 5291 1878 5346 ob·

1085 5458 1118 5513 nd
1135 5471 1235 5512 antrum
1256 5452 1326 5509 lidi
1341 5466 1349 5506 τ
1365 5469 1380 5504 t
1396 5450 1501 5506 llantuo
1523 5447 1699 5504 waldemaro
1721 5462 1818 5516 premo.
1833 5463 1877 5503 re·

1084 5543 1166 5601 gmun
1182 5525 1287 5595 accepit
1311 5524 1385 5578 trtius
1403 5524 1526 5576 Cmrtstus
1549 5530 1654 5581 sertus.
1668 5519 1725 5589 ianr
1741 5530 1804 5572 ante
1817 5523 1876 5588 lpa-

1085 5601 1172 5654 reutis
1198 5612 1264 5652 cura
1291 5593 1439 5662 Btngstadii
1466 5590 1591 5645 initiatus
1615 5604 1687 5644 arrato
1707 5590 1794 5656 ttru,
1813 5606 1876 5647 cum

1084 5671 1206 5724 Cartnttts
1223 5666 1413 5736 quintusarus
1428 5666 1498 5717 iuter
1519 5661 1597 5715 diros
1612 5660 1771 5717 referretur.
1791 5681 1801 5713 ι

1068 5752 1072 5758 ’
1122 5741 1178 5811 (Ἠ)
1194 5738 1302 5792 Prinrus
1319 5749 1357 5789 es
1370 5732 1461 5786 lhmiae
1479 5731 1647 5801 principibus
1673 5733 1718 5798 qut
1742 5731 1877 5787 christia.

1085 5827 1149 5868 nam
1170 5809 1327 5880 religionem
1348 5804 1489 5873 amplexus
1517 5812 1559 5856 est
1590 5800 1641 5856 latit
1665 5800 1801 5858 llnraldus
1823 5805 1876 5858 ltnc

1084 5891 1183 5956 nguine
1198 5874 1395 5943 Ludoricollio
1410 5875 1584 5948 imperatore,
1595 5888 1668 5930 atino
1682 5861 1746 5944 dih,
1762 5884 1792 5930 (ιι
1812 5891 1874 5930 nar·
