4425 6450
258 479 311 544 soi

743 485 931 543 El‘lSTOLAE.
946 516 980 526 -
1000 483 1088 538 tntis
1108 480 1139 536 ll.
1159 480 1213 535 ll.
1236 476 1396 534 trit-itis.

1835 482 1887 537 591

259 616 358 657 causas
372 604 433 652 e'um
451 594 631 653 rcti'nninms:
649 596 755 664 l‘tinro,
781 607 894 667 propter
921 596 1048 652 dillicillr·
1065 599 1087 655 Α
1105 594 1203 649 tionem
1219 599 1380 665 quaudoque
1402 595 1423 648 D
1444 610 1449 645 ι
1470 603 1497 649 et
1514 594 1654 650 bominum
1679 607 1882 665 exspectemus.

259 711 331 750 tnanr
357 709 438 764 quam
455 708 516 747 cunt
540 694 641 747 comite
662 691 797 746 Flandriae
812 708 937 762 guerram
964 691 1048 744 lrabe-

259 804 336 852 nnrs;
352 787 482 847 secundo,
496 794 607 853 propter
620 794 708 839 motus
720 787 864 854 plusquam
888 784 984 839 civiles
998 782 1044 852 qui

260 882 287 934 in
304 878 444 950 prot-incia
461 876 610 930 Britanniae
625 875 704 948 154
716 877 863 946 insurgunt
880 876 951 930 inter
970 873 1048 944 prin·

260 972 336 1040 cipes
360 968 482 1037 ejusdem
498 966 643 1037 provincie
659 976 686 1020 et
698 967 769 1035 regis
782 964 932 1035 drrglornrn
957 964 1047 1028 lilios,-

261 1058 353 1124 tertiu,
365 1067 478 1128 propter
494 1057 646 1128 proximum
665 1055 793 1125 colloquii
807 1056 965 1121 terminum,
976 1054 1048 1125 quod

261 1167 323 1207 cnm
339 1151 508 1219 imperatore
529 1156 589 1217 post
606 1146 723 1214 l‘ascba,
738 1145 795 1202 lieo
812 1145 930 1212 volente,
954 1160 1049 1202 sarnus

261 1241 393 1298 babituri.
402 1239 431 1296 ln
443 1241 541 1310 quibus
555 1242 682 1296 omnilnrs
696 1241 780 1310 ipsius
796 1238 995 1308 archiepiscopi
1008 1238 1046 1292 in·

260 1335 377 1397 dustria.
402 1334 556 1404 praesentia,
573 1332 687 1387 counitio
713 1340 740 1385 et
760 1331 862 1385 auxilio
885 1331 1046 1400 indigemus.

260 1425 336 1481 Sciat
351 1434 442 1480 antem
468 1424 621 1495 paternitas
640 1434 742 1485 restra,
770 1424 897 1493 qnoniam
916 1425 942 1477 in
966 1436 1049 1493 geue·

261 1518 455 1572 raliconrcntu
473 1515 530 1587 (iti)
547 1526 652 1581 nostro,
677 1531 759 1586 quem
781 1517 808 1571 in
826 1516 903 1570 initio
924 1514 1048 1582 Quadra-

259 1610 371 1680 gcsiune
387 1617 498 1677 propter
518 1607 591 1662 banc
606 1621 718 1662 causam
733 1617 760 1663 et
782 1608 851 1662 alias
863 1608 938 1678 regui
955 1621 1048 1662 neccs-

264 1699 496 1755 sitatesl’arislus
525 1700 747 1764 commuuimus,
773 1698 887 1753 consilio
912 1698 1048 1768 archiepi-

259 1808 416 1865 scoporum,
436 1801 463 1846 et
477 1791 683 1861 episcoporum,
699 1806 731 1845 ac
746 1792 878 1845 baronum
892 1801 1046 1844 nostrornm

259 1884 419 1953 praedictum
443 1884 679 1953 archiepiscopum
698 1883 732 1937 ab
749 1882 870 1951 ineoepto
887 1881 986 1935 itinere
1006 1894 1048 1934 re·

1101 686 1194 756 Neque
1208 688 1281 743 enim
1304 687 1476 743 solumunodo
1492 687 1644 745 vulnerabit
1663 704 1712 745 nos
1728 691 1805 763 plaga
1823 694 1886 762 ista,

1100 793 1130 832 se
1142 781 1146 831 t
1160 789 1186 835 et
1198 794 1292 834 omnes
1309 779 1393 834 tutius
1408 780 1483 849 regni
1499 781 1614 835 barones
1629 780 1655 835 in
1670 785 1888 852 compassionem

1101 869 1241 932 accendet,
1268 878 1297 923 ιιι
1321 864 1354 923 de
1388 884 1469 923 manu
1498 878 1588 923 vestra
1610 871 1731 937 requirat
1758 873 1890 932 lloruinus

1101 959 1247 1025 aliqnando
1271 960 1445 1030 sanguinent,
1460 960 1505 1028 qui
1531 971 1673 1029 propterea
1698 957 1773 1019 lundi
1789 975 1890 1035 potest,

1100 1056 1126 1100 et
1142 1047 1212 1100 i..ter
1229 1063 1350 1115 regnum,
1374 1055 1402 1101 et
1420 1045 1536 1114 majores
1550 1049 1625 1119 regni
1641 1049 1779 1118 principes
1802 1062 1891 1106 mate·

1100 1138 1168 1191 riam
1180 1138 1342 1192 secessionis
1358 1147 1386 1192 et
1397 1152 1522 1207 prrorram
1549 1148 1718 1207 perpetuam,
1733 1156 1794 1210 quae
1817 1145 1890 1198 acci·

1100 1227 1165 1281 dere
1178 1228 1286 1297 poterit,
1303 1228 1343 1283 eis
1357 1229 1471 1298 imputet
1486 1229 1532 1299 qni
1550 1238 1700 1284 urerentur.
1720 1231 1759 1285 lix
1788 1244 1889 1302 practe-

1101 1319 1212 1373 rit‘orum
1224 1320 1297 1375 enim
1315 1320 1450 1389 exemplis
1478 1320 1632 1390 colligimus
1655 1324 1799 1378 materiam
1817 1325 1891 1381 lutu-

1101 1426 1203 1474 rurum,
1216 1421 1245 1467 et
1259 1412 1330 1466 sicut
1345 1413 1467 1483 antiquis
1482 1413 1650 1482 temporibus
1663 1416 1809 1471 occasione
1833 1417 1890 1474 dis·

1099 1503 1234 1557 suasionis
1261 1502 1343 1573 liujus
1369 1506 1515 1560 attritorum
1534 1506 1644 1577 sangnis
1657 1504 1759 1562 ebusus
1772 1518 1826 1572 est,
1851 1510 1890 1565 ita

1099 1605 1126 1645 ct
1137 1595 1231 1650 diebus
1248 1597 1358 1659 nostris,
1375 1598 1427 1652 nisi
1444 1613 1493 1667 per
1509 1598 1671 1653 industriam
1698 1610 1816 1656 vestram
1843 1618 1890 1659 re-

1101 1685 1184 1738 nicnti
1208 1688 1303 1742 inorbo
1317 1688 1399 1742 citius
1424 1688 1704 1753 occurratur,-cladcs
1726 1694 1889 1760 communis,

1099 1786 1125 1827 ct
1137 1778 1273 1844 generalis
1287 1788 1393 1849 strages
1410 1779 1482 1833 inter
1494 1779 1616 1836 Francos
1631 1792 1658 1836 ct
1673 1781 1797 1838 Britoues
1813 1791 1890 1853 pote·

1100 1861 1134 1913 rit
1145 1864 1282 1918 suscitari.
1298 1865 1391 1921 liclins
1403 1879 1445 1923 est
1456 1880 1547 1925 autem
1562 1870 1588 1925 in
1598 1881 1888 1943 temporeoccnrrere,

260 1976 404 2042 tinuimus,
417 1976 519 2044 utpote'
537 1975 719 2031 necessarium
746 1976 825 2032 nobis
849 1985 877 2032 et
900 1976 992 2029 utilem
1008 1990 1048 2031 re-
1065 1943 1084 2000 n
1099 1967 1179 2021 ‘3⁰³⁰'
1197 1959 1528 2024 11051111111111111111Ὦῐῑ·

258 2069 310 2124 ltus
321 2068 456 2138 incoeptis,
469 2077 496 2123 et
508 2082 556 2137 per
569 2067 615 2122 lici
629 2068 745 2138 gratiam
764 2068 798 2121 ad
822 2069 953 2122 bonorem
972 2067 1048 2137 regni

259 2162 347 2217 nostri
377 2162 548 2233 peragendis.
580 2162 691 2217 Fideles
727 2172 838 2217 nostros
870 2162 1048 2233 praesentiunt

259 2254 363 2310 latores
378 2255 503 2309 abbatem
518 2254 551 2309 de
570 2252 727 2310 sarcocelto
748 2256 817 2325 (ili,
842 2264 870 2311 et
887 2255 1049 2336 magistrum

259 2343 292 2401 Ρ.
324 2345 488 2400 lnariliarem
520 2353 546 2400 et
568 2345 700 2400 clericum
729 2344 908 2401 Parisicosem
931 2355 1050 2399 restrum

258 2454 293 2494 ac
308 2446 432 2493 nostrum
445 2436 522 2492 robis
541 2435 756 2502 transmisimus,
784 2444 813 2492 ut
825 2436 852 2491 in
874 2435 926 2501 liis,
941 2452 1002 2505 qnae
1018 2452 1049 2490 er

1317 2075 1395 2147 157
1416 2074 1582 2131 eristum
1602 2075 1671 2133 ιιι.

1130 2177 1163 2215 to
1193 2178 1313 2218 bostnt'tt
1341 2181 1515 2221 ocrttt'ttrtt!
1544 2185 1578 2223 ΕΧ
1606 2185 1723 2226 PERSOM
1753 2189 1866 2230 rtttttrt‘t

1454 2252 1542 2294 nesle.

1101 2321 1279 2391 Conqueritur
1301 2328 1334 2381 de
1353 2331 1428 2383 curia
1442 2329 1562 2387 nonna
1582 2334 1633 2389 tili
1652 2338 1739 2393 minut
1755 2338 1890 2397 benevola.

1141 2415 1220 2471 inriti
1233 2421 1422 2490 compellimur
1436 2423 1517 2478 bodie
1534 2425 1632 2479 cetum
1649 2437 1677 2483 et
1691 2436 1792 2483 terram
1815 2431 1893 2486 irrra-

258 2536 338 2599 ωηο
349 2537 442 2582 „offla
469 2526 548 2581 vobi,
560 2526 691 2591 dixerim,
711 2528 791 2582 [ΠΜ]
810 2527 850 2583 055
876 2527 1010 2590 qffipeaqqs,
1025 2534 1054 2581 eq
1102 2522 1177 2569 care,
1194 2516 1221 2562 et
1233 2523 1407 2565 commorere
1424 2510 1450 2566 in
1471 2512 1656 2568 testimonium
1669 2522 1808 2578 nostram,
1821 2531 1892 2586 quo·

259 2632 309 2690 per
323 2622 435 2676 eosdem
450 2619 619 2676 voluntatem
644 2628 765 2676 vestram
797 2621 885 2685 uoltis,
903 2620 925 2673 si
941 2620 1050 2687 placue-

259 2715 306 2781 rit,
325 2717 508 2771 remandetis.

459 2807 537 2879 155
565 2806 732 2863 sessione
749 2805 838 2871 cviii,

356 2902 398 2954 llo
412 2916 521 2956 eunucu
537 2917 584 2957 suo
598 2916 714 2957 reasons
733 2914 846 2955 ruttrrrr
863 2914 951 2954 neers.

297 2988 426 3044 bourdonn
445 2989 604 3045 Turonensis
618 2990 804 3114 orziriepisropi
817 3004 924 3042 rnrrrnnt
939 3004 1011 3042 conr·

593 3077 651 3114 aren
672 3072 710 3115 ιιι.

1103 2597 1891 2673 triamirreverenterimpugnantadolescentiamnostram.

1104 2686 1173 2741 llinc
1188 2689 1369 2744 ecclesiastici
1385 2689 1494 2757 Patres,
1509 2693 1573 2747 inde
1588 2694 1727 2765 principes
1745 2696 1892 2753 saculares

1106 2776 1254 2833 Ecclesiam
1266 2778 1430 2847 llomanam,
1443 2785 1514 2853 quod
1525 2798 1697 2854 nequaquam
1708 2787 1892 2857 speravimus,

1104 2869 1290 2924 adversariam
1311 2872 1390 2926 nobis
1408 2874 1550 2941 sentimus,
1570 2884 1597 2929 et
1612 2890 1698 2946 usqne
1713 2875 1747 2931 ad
1771 2879 1892 2933 anirtram

1104 2963 1246 3019 descendit
1256 2963 1365 3033 gladius
1377 2967 1439 3031 iste,
1452 2984 1514 3022 curn
1530 2969 1556 3023 in
1570 2970 1652 3040 regiae
1663 2985 1773 3026 coronae
1791 2979 1894 3026 nostrae

1104 3053 1320 3110 conlractionem
1337 3072 1434 3112 malms
1458 3060 1620 3124 extendant,
1641 3062 1686 3130 qui
1713 3077 1772 3116 cant
1795 3064 1892 3117 safftern

296 3150 396 3206 Clausa
412 3151 490 3208 nobis
508 3163 534 3207 et
548 3166 631 3223 regno
645 3151 825 3216 Francorum,
841 3153 1052 3221 qnodlractenus
1105 3145 1177 3200 Petri
1191 3146 1280 3215 glacio
1292 3147 1439 3203 defendere
1453 3149 1623 3206 debuissent.
1639 3150 1740 3205 lloatra
1752 3151 1894 3208 Toronen

259 3244 390 3302 Ecclesiae
413 3245 566 3300 Romanum
592 3245 780 3300 fidelissimum
803 3246 919 3311 exstitit,
938 3257 1050 3316 paterna
1105 3253 1162 3294 sem
1190 3239 1351 3304 Ecclesiam.
1376 3257 1438 3311 quae
1463 3249 1627 3306 nostraesn
1651 3244 1757 3315 erigere
1779 3256 1895 3300 conatur

259 3337 367 3393 viscera
388 3347 489 3402 restra,
518 3338 614 3392 saltem
641 3339 668 3392 in
685 3337 813 3392 dilatione
838 3353 919 3408 quarn
936 3353 985 3408 pro
998 3339 1052 3393 Ec·
1081 3332 1256 3400 'apostolica
1272 3334 1351 3388 sedes
1364 3335 1390 3388 in
1408 3334 1550 3390 Britannia
1568 3337 1672 3393 minore
1692 3337 1834 3394 llolenseur
1846 3355 1893 3394 ar·

259 3427 348 3484 elesia
364 3427 516 3484 'l'uronensi
537 3428 753 3499 postulavimus,
770 3429 931 3494 sentientes,
960 3438 988 3484 et
1008 3429 1051 3485 io·
1103 3426 1324 3497 clriepiscopnm,
1350 3435 1377 3482 et
1401 3427 1586 3499 iutegritatem
1612 3432 1688 3500 regni
1713 3433 1894 3503 nostrique

259 3517 427 3574 exorabilem
441 3518 563 3573 auirnunr
589 3528 709 3573 vestram
725 3534 778 3574 non
805 3519 865 3576 siue
890 3519 1052 3577 confusione
1105 3519 1275 3587 temporibus
1291 3519 1401 3573 Parrum
1424 3529 1582 3576 nostrorum
1597 3522 1679 3578 illaesa
1701 3526 1831 3594 perstitit,
1847 3527 1894 3580 ln·-

259 3616 356 3664 anttra
371 3624 443 3666 nunc
460 3611 578 3679 experti,
593 3609 693 3666 coelum
706 3619 733 3665 et
758 3619 861 3666 terram
883 3612 909 3665 in
927 3614 1051 3669 resrtrnn.
1103 3611 1179 3672 dere,
1197 3609 1332 3674 minuere,
1346 3610 1522 3666 detruncare.
1537 3612 1600 3667 llaee
1616 3624 1678 3669 sunt
1693 3613 1823 3671 beneficia
1840 3632 1894 3672 ruc-

260 3700 337 3756 niom
348 3716 488 3767 vocamus,
518 3713 548 3756 ιιι
561 3703 584 3757 si
598 3704 708 3774 quando
726 3705 815 3775 regias
833 3720 914 3761 aures
937 3716 1048 3762 nostras
1105 3704 1219 3757 ritorum
1233 3703 1307 3774 regui
1325 3705 1421 3759 nostri.
1434 3704 1480 3758 liae
1493 3706 1688 3762 retributiones
1701 3716 1727 3762 et
1741 3712 1892 3780 gratiarum

260 3793 343 3848 robis
355 3802 402 3848 aut
412 3794 543 3850 iratribus
555 3796 656 3851 restris
672 3794 864 3865 clauserimus,
880 3798 1050 3855 excusabiles
1104 3796 1229 3849 actiones
1240 3797 1392 3850 <levationis
1407 3806 1435 3851 ct
1453 3797 1525 3860 stdei,
1542 3814 1624 3868 quant
1638 3799 1768 3855 Ecclesiae
1790 3800 1890 3856 llornn·

264 3883 403 3940 ualeamus
416 3887 485 3956 apud
500 3886 584 3941 Deum
599 3895 625 3942 ct
643 3888 766 3944 ltomiues
792 3905 934 3959 apparere.
962 3890 1052 3945 Susti-
1104 3902 1145 3939 nne
1161 3884 1255 3939 l‘ntres
1269 3888 1352 3940 nostri
1368 3902 1477 3955 semper
1495 3890 1678 3945 exbibuerunt
1695 3891 1721 3946 in
1738 3894 1812 3946 ouini
1829 3911 1892 3964 per-

262 3976 372 4031 nuimus
384 3991 477 4047 pacem
498 3988 629 4045 vestram,
645 3988 673 4034 ct
686 3993 749 4034 ecce
764 3980 897 4045 turbatio,
914 3993 942 4037 et
957 3983 984 4037 tn
1002 3982 1049 4037 ιω.
1104 3975 1243 4031 secatione
1254 3989 1344 4030 restra
1355 3978 1455 4045 parati,
1467 3994 1514 4047 pro
1526 3979 1646 4035 Ecclesia
1659 3982 1705 4035 liei
1718 3993 1745 4036 et
1758 3983 1894 4055 imperare

262 4070 339 4125 sione
355 4067 520 4125 Turonensis
545 4070 684 4136 Ecclesia,
712 4086 772 4142 qnae
790 4081 912 4142 tempore
940 4073 1051 4129 Parrum
1105 4067 1223 4122 tideliter
1247 4069 1316 4132 sois,
1335 4078 1362 4123 et
1386 4072 1513 4123 resistere
1531 4070 1648 4126 viriliter
1670 4072 1776 4131 alienis.
1794 4073 1894 4144 Perpe-

263 4171 420 4218 nostrorum
435 4160 570 4234 integram
597 4165 802 4234 nretropolitaui
827 4163 1050 4234 jurisdictionem
1106 4169 1160 4213 tuae
1194 4159 1373 4215 dissensionis
1397 4170 1425 4215 ct
1450 4176 1555 4230 guerno
1586 4167 1727 4219 ructet-lam
1757 4168 1893 4223 suscitare

263 4253 290 4308 iu
306 4260 362 4307 tota
378 4251 477 4308 minori
492 4252 634 4308 Britannia
651 4253 780 4320 obtinuit,
798 4268 911 4325 regumn
927 4268 1051 4310 nostrum
1105 4252 1273 4307 contenditis
1286 4252 1417 4307 internos
1431 4263 1458 4308 et
1473 4254 1550 4324 regni
1567 4257 1651 4309 nostri
1667 4259 1805 4329 principes
1817 4260 1892 4315 occi·

264 4345 380 4414 turpiter
408 4345 572 4401 imminuere
595 4360 627 4400 ac
641 4341 767 4400 nturilarc
788 4347 927 4401 contendit
946 4347 1050 4403 Eclesia
1104 4343 1238 4407 dcrrtales,
1260 4352 1287 4398 et
1309 4353 1349 4411 ut,
1374 4344 1479 4415 abjecta
1499 4348 1648 4402 reverentia
1667 4364 1747 4414 quarn
1763 4349 1893 4405 Ecclesiae

262 4434 398 4503 Romana,
413 4452 543 4494 coronam
557 4438 590 4493 de
610 4437 690 4510 156
702 4438 794 4509 capite
816 4449 911 4495 nostro
922 4440 1052 4508 clcjieere,
1106 4438 1235 4491 llnrnanae
1251 4437 1381 4494 liar-tenus
1399 4438 1584 4501 exhibuimus.
1601 4441 1672 4495 lucie
1687 4441 1762 4497 rub‘s
1782 4459 1893 4514 respon·

262 4527 391 4600 frangere
405 4529 560 4600 etpedibus
574 4531 745 4586 conculcare.
754 4527 829 4597 'Quid
844 4531 916 4586 enirn
930 4532 1054 4587 alindest
1105 4532 1217 4583 «ieiunus
1232 4531 1346 4585 adversa
1357 4547 1365 4595 l
1377 4530 1516 4585 suscitatis
1531 4533 1654 4586 odiorum
1672 4534 1807 4597 incendia,
1820 4551 1892 4604 ique,

263 4619 498 4692 archiepiscopum
515 4621 542 4676 in
555 4619 649 4676 eadem
665 4621 805 4690 provincia
821 4632 916 4677 contra
945 4632 1049 4676 metro·
1067 4653 1089 4708 n
1105 4618 1126 4671 si
1143 4619 1316 4674 excreverint
1336 4619 1364 4674 in
1387 4618 1535 4682 tlarnnnun,
1556 4622 1812 4689 inexstinguibiliter
1828 4640 1892 4692 pcr-

262 4711 414 4782 politanum
427 4727 507 4770 snum
523 4722 549 4768 ct
561 4715 747 4784 integritatem
759 4714 834 4785 requi
849 4715 932 4768 nostri
947 4716 1052 4783 erigere

263 4803 344 4871 rcllt,
357 4820 439 4875 qnam
454 4807 488 4861 ab
505 4806 665 4860 lraeredltate
690 4803 801 4859 Petrum
818 4817 973 4859 nostrorum
1004 4820 1054 4860 uos

265 4905 394 4966 tanquam
406 4897 556 4953 imbecilles
568 4905 595 4949 ct
607 4896 738 4951 resistere
752 4909 805 4950 uon
823 4896 1054 4964 valentesejicere

263 4998 292 5044 et
307 4988 421 5059 legaret
437 4991 532 5045 Videat
556 4988 687 5044 Dominus
702 4996 729 5049 et
747 4986 851 5055 judicet
865 4989 936 5058 quod
955 4989 977 5043 si
993 5004 1054 5060 pru·

264 5082 380 5137 cesserit
403 5082 506 5136 lactum
524 5080 605 5148 istud,
625 5081 716 5136 rninus
731 5080 829 5135 amodo
843 5094 892 5134 tos
906 5081 1054 5136 aestirnabi⁴

265 5183 327 5228 mus
342 5172 451 5230 Patrem
469 5189 550 5244 quarn
574 5172 716 5238 vitricum,
738 5173 828 5227 utinus
853 5173 978 5228 sentietis
1004 5187 1054 5229 uos

264 5257 352 5320 illium
366 5280 447 5335 quam
460 5265 622 5336 privignum.
640 5254 732 5334 Usque
746 5263 779 5318 ad
796 5265 916 5318 animant
931 5277 1051 5319 nostrum

265 5356 403 5429 pertinget
429 5356 535 5426 gladius
553 5357 616 5424 iste,
647 5364 677 5410 ut
703 5355 869 5411 erit-medati
894 5358 1054 5424 clamenus,

266 5448 429 5519 plangamus
442 5447 550 5507 nudati.
564 5447 713 5517 contempti
726 5454 755 5501 et
771 5445 897 5516 abjectio
920 5449 996 5502 rubis
1015 5447 1054 5501 nn

303 5629 360 5700 (ib)
377 5629 414 5685 lie
429 5631 481 5684 lroe
497 5635 631 5684 convento
655 5627 777 5697 loquitur
793 5627 926 5695 liiqordus
940 5628 991 5684 sub
1007 5644 1056 5683 an·

267 5714 333 5754 nutu
346 5699 429 5766 1181,
442 5700 485 5754 lris
498 5699 604 5754 serbis:
617 5717 627 5750 r
645 5698 894 5754 christianissimus
912 5715 958 5752 rex
970 5698 1055 5754 Fran·

267 5784 361 5824 corum
380 5770 521 5839 l’lrilippus
535 5771 696 5831 convocarit
710 5784 806 5825 omnes
821 5769 1053 5838 archiepiscopos,

268 5840 391 5902 abbates,
402 5843 517 5895 comites
531 5849 557 5892 ct
571 5852 667 5894 omncs
677 5842 804 5905 barones,
819 5840 865 5906 qui
891 5843 924 5894 ad
946 5841 1056 5893 clumam·

268 5912 330 5964 darn
346 5910 482 5966 feritatem
496 5910 576 5976 illius,
589 5909 723 5964 Flandriur
735 5911 851 5976 comitis,
862 5919 888 5964 ct
900 5913 1053 5981 snperbiam

1106 4711 1214 4766 venient
1234 4711 1262 4766 iu
1280 4710 1411 4766 lorillaru.
1439 4712 1624 4777 liniarredati,
1654 4714 1776 4782 spoliati,
1798 4716 1891 4769 nudati

1106 4816 1154 4870 per
1176 4803 1325 4858 Ecclesiam
1351 4805 1514 4866 lluruanam,
1536 4815 1666 4872 quantum
1689 4804 1715 4858 in
1737 4806 1813 4860 robis
1835 4815 1892 4873 est,

1106 4905 1153 4949 ant
1166 4896 1319 4965 periculose
1333 4913 1455 4967 pugnare
1472 4896 1553 4967 158
1568 4898 1766 4967 compellimur,
1780 4912 1824 4954 am
1838 4911 1893 4952 tnr-

1105 4986 1177 5055 pitcr
1198 4985 1335 5040 exsulare.
1356 4983 1481 5055 Oppottat
1502 5001 1531 5040 se
1548 4987 1632 5042 tantis
1648 4988 1727 5044 nralis
1743 4993 1893 5046 auctoritas

1105 5086 1209 5140 restra,
1237 5091 1288 5130 nec
1311 5076 1429 5130 recidiva
1454 5079 1595 5147 permittat
1618 5081 1743 5150 excorpla
1771 5087 1892 5147 renasci,

1106 5168 1205 5237 quibus
1218 5169 1320 5223 rntrltus
1338 5169 1451 5240 sanguis
1466 5171 1594 5226 innoxius
1612 5170 1715 5226 edimus
1733 5184 1786 5236 est,
1799 5185 1826 5227 et
1840 5175 1891 5228 itc-

1106 5281 1165 5318 rum
1177 5264 1278 5319 elftrudi
1290 5266 1405 5336 poterit,
1422 5265 1444 5319 si
1459 5265 1552 5321 latore
1567 5267 1719 5336 cujusdam,
1738 5279 1765 5320 ut
1781 5266 1893 5336 dicitur,

1105 5358 1151 5427 qni
1168 5375 1221 5414 nou
1236 5359 1295 5413 sine
1310 5359 1373 5415 dolo
1388 5359 1512 5414 llolcasis
1526 5359 1629 5415 electus
1647 5369 1698 5424 est,
1718 5360 1794 5430 regni
1806 5365 1893 5416 nostri

1106 5460 1197 5520 partes
1209 5453 1288 5506 nobis
1300 5451 1429 5507 occiduas
1440 5451 1582 5506 auferatis.
1650 5526 1654 5532 ι

1107 5628 1284 5698 frangendam
1298 5628 1465 5685 unanimiter
1478 5638 1674 5684 convenerant.
1693 5646 1703 5679 ι

1141 5701 1198 5766 till
1211 5699 1393 5768 Sacrocellnrn
1413 5699 1454 5752 rel
1475 5701 1557 5751 Sacra
1570 5697 1649 5761 ceila,
1661 5697 1764 5756 Gallice
1774 5700 1893 5756 senen·

1105 5786 1180 5833 cenat,
1197 5781 1239 5824 cst
1253 5771 1362 5825 abbatia
1378 5771 1482 5824 ordinis
1496 5768 1685 5824 cisterciensis
1700 5773 1828 5827 ‹lioeresis
1842 5769 1893 5825 Se·

1106 5841 1246 5904 rnnwnsis,
1271 5841 1380 5895 l'umlata
1394 5842 1427 5894 ab
1444 5840 1501 5908 ipso
1528 5839 1652 5910 Plrilippo
1673 5843 1795 5915 Augusto
1820 5855 1894 5898 anuo

1106 5913 1184 5967 rtur.
1728 5946 1806 6035 ἢ
