4425 6450
307 379 362 437 56ss

306 506 423 565 qrrurnm
435 491 580 561 gloriosum
596 506 693 548 nomen
705 502 732 549 et
742 495 864 552 ordinem
877 506 905 553 et
918 497 1100 555 fundaverunt

306 584 433 654 apostoli,
448 592 475 637 et
489 583 702 639 intermarerum
715 585 849 654 doctores,
859 598 885 642 et
901 590 1037 658 principes
1048 604 1097 645 ex-

306 680 436 734 tulerunt.
454 677 628 731 Decimantnr
641 676 721 731 hodie
741 678 788 733 dlii
813 678 889 745 leri,
905 682 986 736 solvit
1005 682 1096 738 Aaron

304 771 452 843 pensiones
466 769 611 832 indetritas,
626 784 675 824 nec
695 770 823 826 immunis
837 782 879 827 est
898 772 1096 829 Melchisedech

304 876 320 915 a
334 861 447 916 tributo.
463 857 586 915 'tolerari
598 868 703 930 poterat
715 869 851 930 ntenmpue
863 862 938 933 plaga
955 864 1011 919 lraee
1023 879 1098 919 cum·

304 953 405 1017 munis,
423 953 444 1006 si
462 953 525 1006 inde
543 952 762 1021 opprimeremur
785 950 916 1023 AEgyptii,
943 960 1014 1010 unde
1036 971 1096 1025 spo·

304 1045 407 1101 liantnr
421 1044 539 1099 Hebraei.
557 1045 750 1116 sedquoniam
764 1062 817 1103 non
831 1049 925 1114 recipit
938 1046 1095 1106 ditissimus

304 1137 471 1192 sacritieium
493 1136 526 1191 de
542 1137 646 1206 rapina,
662 1138 761 1193 tributa
778 1140 913 1210 egentium
930 1141 1092 1205 animarum,

303 1246 364 1300 pirae
376 1229 531 1284 immaniter
549 1239 757 1297 extorquentur,
769 1231 1031 1300 permittitinaniter
1045 1248 1093 1288 ex·

302 1325 419 1393 spirare.
434 1322 545 1377 decedit
567 1321 600 1375 ad
614 1321 752 1376 stimulum
765 1332 793 1378 et
807 1323 944 1378 cumulum
958 1325 1092 1393 singultus

302 1428 330 1471 et
340 1413 448 1485 suspirii
465 1415 561 1479 nostri,
574 1413 733 1469 clericorum
746 1415 807 1470 dicu
821 1418 866 1484 qni
883 1417 908 1471 in
925 1430 1026 1475 sortem
1038 1423 1092 1477 llo·

303 1507 369 1560 mini
382 1506 469 1560 vocati
482 1520 584 1569 sumus,
594 1507 665 1573 qrrod
679 1506 705 1559 in
721 1507 834 1578 collegio
847 1507 1089 1568 Grandimontensi

301 1598 392 1666 perire
407 1597 529 1651 ridemus
547 1614 628 1651 unam
651 1599 684 1652 de
708 1599 829 1655 tribubus
851 1603 943 1667 lsrael,
965 1606 1008 1658 ntri
1026 1621 1091 1662 con·

301 1690 384 1757 uersi,
397 1703 539 1750 conuerso,
553 1704 586 1743 ne
601 1689 688 1743 dicam
701 1705 828 1760 peruersa
841 1694 944 1757 ordine,
959 1698 1090 1752 ministris

301 1781 476 1835 dominamur
496 1780 599 1844 altaris,
627 1783 662 1836 ita
687 1794 716 1835 ut
740 1784 829 1850 capite
844 1784 970 1839 deorsum
992 1787 1089 1842 donnrs

839 383 1029 444 nerstein.
1046 419 1082 433 -
1096 389 1392 452 SUPPLEliENTUll.

1874 409 1928 465 did

1530 530 1562 586 V.

1151 610 1290 668 Fratribus
1318 618 1351 667 de
1373 616 1528 683 Curtiusin,
1552 637 1600 688 pre
1620 626 1734 691 pretinm
1756 628 1850 683 οἰήια
1871 648 1936 685 recr-

1182 685 1277 804 griienrle
1295 687 1405 740 salutern
1428 698 1452 741 et
1474 706 1554 758 puram
1569 693 1646 763 etegit
1674 694 1762 749 diaria
1774 712 1875 766 pnrtrm
1888 718 1935 770 op-

1214 770 1285 806 naut.

1184 860 1333 919 Sublimem
1345 866 1520 938 vicinumque
1535 869 1671 927 sideribus
1683 875 1806 932 ordinem
1821 879 1937 934 carthu-

1146 948 1274 1019 siensem,
1289 968 1370 1022 quem
1387 955 1488 1011 imitari
1502 974 1555 1012 nun
1571 975 1728 1030 possumus,
1745 967 1873 1021 admirari
1888 971 1935 1021 dn·

1145 1037 1251 1103 bernus,
1271 1042 1346 1098 illum
1361 1045 1509 1102 adorantes
1521 1049 1547 1102 in
1561 1052 1665 1106 sanetis
1677 1056 1733 1108 suis
1747 1058 1792 1124 tpri
1809 1068 1835 1113 et
1849 1059 1934 1113 Etiam

1145 1133 1259 1200 paritio
1277 1135 1423 1192 solitudine
1442 1148 1470 1194 et
1486 1139 1623 1195 Danielem
1639 1143 1665 1198 in
1685 1160 1807 1209 carcere,
1823 1164 1938 1210 serrant
2001 1211 2006 1220 ,

1144 1233 1171 1275 ct
1185 1225 1285 1279 docens
1301 1225 1327 1279 in
1342 1227 1418 1283 cellis
1441 1229 1577 1300 singulos,
1599 1233 1626 1287 in
1647 1235 1768 1306 collegiis
1782 1240 1935 1298 universos.

1143 1313 1250 1369 Felices
1266 1316 1311 1385 qni
1328 1316 1361 1370 ad
1388 1322 1454 1374 tanti
1479 1322 1606 1379 culminis
1622 1324 1695 1380 riros
1722 1328 1861 1395 aspirant,
1877 1329 1936 1386 leti·

1143 1421 1231 1463 eiures
1251 1408 1298 1478 qni
1312 1423 1373 1464 curn
1397 1412 1438 1467 cis
1452 1414 1601 1484 respirem,
1629 1414 1779 1474 felicissimi
1797 1421 1843 1490 qui
1866 1422 1936 1478 inter

1142 1512 1189 1551 eus
1200 1500 1351 1569 exspirant.
1368 1500 1473 1559 Primos
1487 1515 1514 1559 et
1529 1506 1633 1563 metius
1647 1508 1805 1565 ultimorum
1817 1515 1934 1569 norissi-

1142 1604 1186 1645 ma
1219 1591 1382 1646 curtlirmam
1410 1596 1457 1663 qui
1487 1597 1568 1654 lreatu
1593 1602 1668 1656 exitu
1698 1606 1933 1671 perseverantiam

1141 1694 1219 1734 etiarm
1248 1683 1430 1751 complemus,
1459 1684 1561 1744 tratres
1584 1706 1647 1746 snos
1674 1695 1879 1765 peregrinantes
1906 1697 1934 1753 itt

1140 1784 1255 1838 corpore
1267 1783 1296 1828 et
1313 1778 1437 1846 exemplo
1463 1792 1614 1850 provocant
1639 1794 1666 1839 et
1681 1786 1813 1838 memoria
1836 1801 1934 1839 consu-

301 1872 428 1940 penneag
445 1872 531 1925 ponus
550 1882 670 1925 aratrum
693 1872 864 1944 puppam,
888 1876 970 1930 ppoga
994 1875 1090 1932 doceat
1105 1872 1127 1926 Β
1142 1861 1243 1919 tantm.
1258 1865 1332 1921 lntcr
1342 1871 1497 1935 aspirantes
1512 1882 1537 1927 et
1557 1884 1652 1929 sancto
1673 1877 1811 1930 consortia
1842 1885 1933 1930 restra

301 1963 441 2028 clericum,
466 1964 551 2017 laicus
575 1964 689 2034 imperet
712 1968 856 2022 sacerdoti.
882 1968 1020 2037 Compteta
1048 1977 1090 2024 est

300 2055 381 2109 lrortie
397 2053 535 2125 Scriptura
560 2071 612 2125 qna
637 2057 781 2112 dicitnrzr
802 2058 899 2113 Clerici
919 2074 1013 2114 eorrrnr
1036 2076 1088 2115 nort

299 2149 450 2217 proderunt
466 2150 516 2213 eis,
543 2168 552 2200 r
571 2164 632 2203 curn
649 2148 727 2217 eiecti
753 2165 768 2202 a
786 2150 892 2204 cellulis
907 2152 974 2218 suis,
999 2150 1087 2205 atiena

301 2242 487 2295 mendicantes
507 2241 650 2310 stipendia,
669 2241 788 2305 exsules,
804 2242 956 2303 seminudi,
978 2244 1087 2314 abiecti,

300 2333 415 2387 saturati
440 2333 604 2402 upprotniis,
629 2344 816 2400 proponuntur
831 2334 1015 2401 spectaculum
1040 2351 1089 2390 no·

297 2423 350 2486 lais,
363 2422 505 2477 ridiculum
516 2422 621 2476 alienis.
631 2422 756 2477 ituream
767 2423 939 2478 clementiani
952 2433 1042 2479 restra
1048 2442 1086 2490 nr,

299 2510 382 2567 Pater
395 2513 525 2577 clemens,
543 2521 582 2566 tot
593 2520 620 2565 et
638 2522 775 2568 tantorum
791 2512 915 2567 exsulum
936 2513 1087 2584 lacrymosa

299 2604 428 2673 suspiria,
445 2614 516 2657 certa
543 2601 674 2670 pericula,
694 2603 797 2657 incerta
819 2604 950 2670 consitia;
966 2615 1004 2671 et,
1030 2605 1088 2661 lan-

295 2696 443 2764 guentibus
460 2696 523 2752 dliis
539 2713 571 2752 ac
585 2713 668 2768 prope
684 2698 871 2770 pereuntibus,
886 2700 975 2755 sinum
997 2710 1088 2769 pater·

296 2799 363 2837 num
375 2788 529 2855 expandite,
540 2805 573 2843 ne
590 2790 616 2844 in
632 2789 775 2859 pristinam
787 2791 945 2845 servitutem
961 2791 1086 2856 redeam,

296 2893 367 2947 piros
379 2879 477 2935 liberos
491 2896 550 2937 esse
560 2882 639 2937 decet
651 2893 678 2936 et
686 2883 818 2955 dignitate
832 2884 936 2939 ordinis
950 2893 978 2937 et
990 2884 1087 2938 entire

295 2973 448 3043 diguitatis.
467 2974 632 3031 Cunnnnncs
652 2976 850 3031 santumnium
868 2975 1015 3031 Gallicane
1033 2974 1086 3029 Ec·

295 3068 385 3122 etesia
398 3067 558 3122 etericmum
573 3084 668 3138 preces
679 3071 749 3135 ista,
763 3084 796 3124 ne
817 3070 844 3123 in
860 3071 955 3125 ordine
970 3073 1014 3127 illu
1033 3088 1086 3128 ex·

297 3164 479 3220 traurdinario
505 3165 684 3222 absorbeatur
709 3179 724 3220 a
751 3164 925 3219 multitudine
952 3168 1119 3255 peneltune

295 3267 440 3325 paupertas
466 3271 480 3309 a
506 3258 636 3326 potentia,
664 3256 825 3326 simplicitas
848 3258 881 3313 alr
898 3260 997 3313 astutia
1019 3275 1095 3330 snp-·

294 3343 444 3412 plantetur.
461 3345 532 3400 llcrre
555 3346 643 3401 raleat
658 3346 685 3401 in
700 3346 807 3418 longum
827 3347 959 3403 sanctitas
974 3359 1082 3416 restra,

296 3431 389 3489 l‘ater.

669 3573 710 3626 tt.

293 3683 406 3738 licutino
426 3684 557 3752 Suffrede,
577 3695 675 3739 structe
693 3686 826 3806 ‘lienteum
842 3681 970 3740 Ecclesia
992 3688 1082 3739 cardi·

657 3773 690 3808 nn
703 3772 722 3809 t.

330 3888 440 3943 ltmtnm
457 3888 521 3942 inihi
533 3890 661 3957 accessit,
677 3891 762 3944 sedet
777 3891 908 3946 successit
922 3889 1079 3959 plurimum,

293 3981 402 4050 qnando
419 3970 513 4050 gratia
532 3991 630 4064 uestra
652 3981 812 4050 participem
836 3996 879 4035 me
904 3982 1027 4037 lecistis:
1047 3984 1082 4037 de

290 4086 346 4142 qua
371 4073 420 4127 etsi
443 4072 638 4142 plenitudinem
664 4087 717 4127 nun
742 4087 858 4140 mereor,
886 4072 1079 4141 plenitudinem

293 4157 549 4234 [dpoenitndineml
570 4176 622 4216 nun
644 4162 777 4217 moerebo.
801 4159 885 4216 Nemo
903 4173 956 4229 est,
981 4161 1079 4226 lateor,

292 4251 371 4320 cnjus
384 4254 542 4308 memoriam
556 4252 597 4306 rel
615 4254 731 4308 recolam
749 4251 918 4322 frequentius
934 4253 976 4306 ret
999 4269 1081 4309 erco-

290 4342 356 4410 tarr,
372 4362 444 4411 cum,
459 4344 517 4414 ejus
533 4345 654 4413 reliquiis
668 4345 738 4400 diem
761 4344 860 4400 restuto
889 4347 954 4400 mitri
975 4347 1080 4417 agenti·

291 4437 352 4500 bns,
372 4447 400 4492 et
421 4436 561 4491 lrrtctuosa
586 4451 694 4506 semper
718 4436 842 4502 colligam
863 4446 888 4491 et
912 4438 1018 4508 abigam
1039 4438 1079 4491 lu-

294 4538 401 4584 etuosa.
419 4526 447 4580 ln
460 4526 597 4594 colloquio
616 4527 717 4591 serius,
735 4527 761 4581 in
776 4528 900 4581 condrio

291 4629 390 4672 trentru
405 4632 527 4681 seuerus,
547 4617 574 4670 in
592 4627 707 4685 utroque
725 4618 815 4672 socius
829 4627 888 4672 erat
907 4621 972 4674 tnilri
993 4623 1079 4676 durni·

292 4725 343 4764 nus
359 4725 444 4774 mens,
460 4724 509 4763 nec
525 4712 657 4762 accedens
671 4708 704 4760 ad
723 4707 874 4773 lasciuiam,
888 4727 938 4765 nec
954 4729 968 4765 a
986 4712 1077 4768 taertna

290 4801 430 4854 recedens.
453 4798 547 4853 lueusa
561 4813 619 4852 mea
633 4797 673 4850 sie
694 4798 802 4852 ridetrat
820 4808 849 4853 ut
871 4817 924 4854 nun
941 4803 1078 4869 irrideret,

289 4895 358 4947 seria
368 4893 408 4947 sie
419 4893 545 4946 audiebat
557 4903 585 4947 nt
596 4894 758 4955 attenderet,
771 4894 830 4960 ptus
843 4892 876 4945 de
886 4906 928 4944 rne
938 4894 1079 4950 aestimans

288 4996 370 5052 quam
382 4998 431 5050 ego
443 4984 488 5052 qni
504 4983 599 5037 rnetius
612 4998 654 5035 me
665 4994 804 5045 troreram,
817 4981 859 5035 rel
872 4983 999 5039 auderem
1012 5000 1078 5040 cun·

287 5074 373 5130 ddcte
386 5076 427 5129 rel
444 5089 637 5144 praesumerem
654 5071 789 5127 corrdtert.
803 5071 866 5129 llaec
881 5085 943 5128 snm
957 5091 1017 5142 puae
1031 5075 1077 5147 ju·

288 5169 360 5238 giter
380 5169 555 5239 exiguitatem
572 5186 659 5225 meam
674 5177 782 5224 mouent
804 5178 831 5221 et
854 5178 974 5234 mortem,
999 5180 1029 5223 ut
1050 5171 1076 5225 in

287 5273 351 5313 arca
375 5263 466 5315 cordis
485 5262 540 5316 mei
555 5262 703 5331 jocundum
727 5262 863 5315 memoriae
883 5271 979 5316 restrae
1002 5260 1076 5315 ttrea·

288 5357 359 5403 trurn
375 5350 489 5420 erigam,
506 5369 554 5423 per
573 5355 645 5422 quod
662 5352 801 5407 rolriscunr
822 5352 1000 5407 deambulans
1018 5354 1076 5407 solo

288 5443 487 5496 recordationis
503 5444 599 5498 solatio
615 5443 799 5499 condelector.
816 5443 903 5513 llogo,
927 5445 950 5498 si
973 5446 1075 5514 placet,

286 5541 317 5585 ut
338 5548 516 5602 quascunque
540 5533 683 5603 petitiones
699 5542 816 5600 nostras,
829 5535 964 5604 justitiam
980 5545 1075 5605 postu-

286 5622 384 5689 lantes,
396 5625 505 5680 domtnu
514 5641 590 5696 papae
603 5626 736 5697 offeratis,
753 5637 777 5684 et
785 5625 894 5698 judices
905 5627 982 5683 notas
994 5641 1077 5697 super

283 5715 387 5785 justitia
400 5717 561 5787 impetretis.

1141 1954 1326 2013 desiderantes
1339 1960 1420 2024 uniri,
1433 1962 1571 2029 religionis
1584 1964 1681 2020 ardore
1695 1964 1845 2020 terrentem
1858 1980 1933 2019 curn·

1140 2045 1302 2101 mendarum
1331 2049 1407 2104 rolris
1437 2053 1613 2119 presentium
1639 2051 1753 2107 latorem
1782 2050 1930 2107 loannem:

1140 2136 1218 2206 cidus
1233 2138 1256 2191 si
1271 2154 1357 2196 annos
1373 2157 1557 2207 numeremus,
1573 2144 1731 2199 adolescens
1745 2154 1857 2215 apparet
1868 2162 1875 2211 ;
1888 2158 1933 2197 sc·

1140 2242 1203 2293 nex,
1227 2231 1250 2282 si
1265 2232 1359 2285 ruer-ita
1375 2243 1576 2303 computemus.
1596 2234 1739 2290 Credimus
1757 2250 1819 2289 cnm
1841 2245 1932 2290 motus

1139 2320 1243 2388 primos
1258 2321 1375 2380 allisisse
1392 2325 1425 2379 ad
1442 2336 1558 2395 petram,
1575 2338 1603 2381 ct
1617 2341 1678 2396 qnae
1694 2327 1720 2381 in
1743 2326 1843 2382 saeculo
1869 2335 1932 2381 tum

1140 2420 1268 2478 reputare
1292 2423 1321 2465 ut
1346 2425 1487 2482 stercora,
1513 2417 1646 2487 triplicem
1670 2417 1930 2486 concupiscentiam,

1139 2499 1286 2553 secundum
1308 2500 1422 2570 gratiam
1438 2501 1489 2557 sitsi
1507 2517 1521 2556 a
1547 2503 1603 2558 ileo
1620 2503 1757 2565 collatam,
1777 2504 1820 2558 rel
1836 2504 1931 2574 lugere

1139 2587 1182 2641 rel
1203 2588 1305 2657 lagare.
1325 2587 1422 2659 lugam
1445 2592 1551 2648 llornini
1569 2593 1628 2648 lere
1643 2602 1671 2649 et
1686 2610 1755 2650 onus
1775 2594 1834 2664 ejus
1847 2610 1932 2652 snare

1139 2676 1191 2730 sim
1204 2678 1333 2748 imposuit
1350 2682 1417 2750 ipse,
1430 2698 1492 2738 curn
1509 2684 1574 2752 alio,
1601 2700 1654 2740 uon
1674 2686 1724 2742 sub
1738 2684 1793 2740 alio
1812 2701 1930 2742 conrer·

1139 2779 1214 2824 satns
1225 2771 1253 2825 in
1268 2788 1378 2828 cremo:
1393 2775 1470 2845 cujas
1482 2777 1605 2846 exemplo
1620 2777 1752 2834 iormatns
1766 2790 1794 2833 et
1806 2780 1930 2835 drinatns

1140 2865 1306 2930 testimonio,
1323 2882 1376 2921 nun
1389 2881 1481 2936 partae
1506 2869 1563 2938 spei
1586 2870 1716 2941 reliquias
1738 2870 1816 2926 nobis
1832 2873 1930 2929 obtulit

1139 2953 1165 3007 iu
1192 2956 1330 3011 rutuntate
1358 2968 1490 3027 correepta
1514 2967 1543 3014 et
1568 2959 1702 3015 instanter
1730 2962 1876 3031 incipiendi
1902 2973 1930 3018 et

1138 3046 1332 3109 perscrutandi
1348 3053 1515 3101 cuttstanter.
1531 3045 1667 3118 Quantum
1680 3046 1714 3101 ad
1729 3047 1869 3118 religionis
1884 3047 1924 3103 rel

1137 3133 1258 3188 habitum
1274 3134 1316 3191 vel
1331 3138 1451 3198 modum,
1468 3138 1533 3190 nulli
1549 3152 1609 3193 sese
1626 3136 1766 3207 obligarit,
1783 3138 1849 3193 nulli
1865 3153 1930 3207 pro·

1136 3224 1280 3283 sessionem
1297 3229 1370 3292 lecit,
1388 3228 1452 3283 nnlti
1483 3231 1663 3285 stabilitatem
1687 3231 1750 3299 loci,
1773 3231 1838 3285 nulli
1865 3232 1930 3286 otre-

1134 3317 1263 3373 dicntiam
1281 3322 1414 3389 prontisit.
1438 3320 1561 3387 Sutntns,
1580 3331 1611 3377 ut
1630 3336 1646 3375 a
1662 3323 1739 3377 rolris
1758 3321 1866 3393 ligetur,
1881 3337 1927 3376 ac·

1134 3406 1215 3470 cerltt,
1229 3415 1257 3460 nt
1272 3423 1333 3461 cam
1344 3409 1419 3464 tsaac
1434 3410 1551 3466 uinculis
1565 3411 1729 3467 obedientiae.
1742 3421 1769 3467 et
1780 3413 1929 3482 ‹tiseiptinre

1134 3504 1233 3549 restrae
1259 3495 1359 3565 ligatus
1375 3499 1515 3556 atteratur
1540 3502 1566 3557 in
1592 3512 1685 3558 monte
1706 3514 1804 3559 saneto
1825 3513 1927 3566 restro,

1133 3597 1213 3652 quem
1241 3586 1370 3645 [lominus
1391 3592 1474 3659 ridet,
1494 3593 1580 3647 lrostia
1607 3609 1670 3649 tera
1698 3606 1726 3651 et
1744 3596 1799 3650 Deo
1817 3594 1927 3665 placens

1133 3684 1160 3729 et
1174 3677 1304 3744 perlecta.
1318 3679 1437 3736 Gradum
1450 3684 1632 3740 diaconatusa
1645 3685 1757 3739 domino
1772 3684 1926 3739 Senonensi

1133 3769 1335 3838 arctdepiscopo
1352 3774 1482 3843 suscepit,
1504 3777 1648 3844 septimum
1663 3777 1785 3831 ordinem
1798 3776 1843 3846 qni
1856 3790 1926 3847 pre·

1132 3857 1259 3911 cedentes
1277 3859 1453 3928 singulariter
1480 3863 1602 3928 excedit,
1625 3864 1648 3917 si
1670 3864 1726 3919 Deo
1743 3864 1875 3933 placuerit
1898 3874 1928 3920 et

1132 3962 1241 4003 sacrum
1269 3950 1412 4020 collegium
1440 3962 1563 4006 restrum
1591 3968 1640 4023 per
1661 3953 1708 4009 tlei
1724 3955 1838 4024 gratiam
1868 3955 1926 4024 ipse

1133 4037 1237 4093 intrare
1252 4040 1392 4105 meruerit,
1409 4041 1483 4097 inter
1495 4058 1543 4099 vos
1557 4044 1696 4114 suscipere
1711 4052 1737 4100 et
1751 4055 1882 4116 expetens
1897 4056 1926 4101 et

1131 4140 1302 4199 exspectans.
1321 4131 1465 4188 Sanctitati
1495 4143 1592 4189 restrae
1623 4149 1720 4205 preces
1736 4134 1873 4194 tundimus
1889 4147 1926 4203 nt

1131 4234 1192 4274 enm
1205 4221 1321 4290 panilrns
1341 4225 1494 4280 occurratis
1522 4225 1636 4292 sitienti,
1655 4227 1775 4298 pulsanti
1795 4229 1925 4300 aperiatis

1130 4326 1175 4373 ne,
1192 4315 1214 4366 si
1242 4312 1314 4368 lorte
1331 4314 1413 4384 (qnod
1439 4317 1543 4388 absitt)
1564 4319 1648 4374 duros
1676 4319 1703 4373 in
1726 4320 1778 4375 lrae
1794 4321 1925 4391 petitione

1130 4413 1178 4453 sua
1190 4401 1389 4470 rusinrenerit,
1403 4406 1550 4462 occasione
1564 4407 1678 4478 repulsae
1689 4417 1787 4466 restra
1797 4409 1923 4465 calamus

916 4543 1038 4592 serenus·
1053 4529 1080 4584 in
1097 4500 1279 4592 Durrastatus
1293 4504 1453 4553 conteratur
1476 4499 1503 4553 in
1524 4513 1567 4565 co,
1580 4508 1609 4554 et
1628 4498 1713 4554 linum
1727 4499 1862 4571 lumigans
1874 4516 1922 4557 ex·

1134 4590 1300 4651 sttngttalnr.

1508 4675 1551 4733 tt.

1216 4787 1310 4842 Attae·
1322 4787 1489 4843 cistercienci
1503 4787 1677 4859 pre‘pnudnnr
1693 4793 1831 4847 ntorruclro.

1166 4879 1388 4935 Excusalrdisest
1405 4880 1556 4950 ignorantia
1572 4895 1654 4951 priam
1670 4897 1712 4937 ret
1728 4898 1809 4940 casus
1822 4897 1855 4939 cx
1880 4883 1922 4938 in·

1129 4968 1208 5023 sidiis
1229 4970 1347 5024 lurtnnae
1363 4972 1493 5039 pendens,
1511 4969 1553 5025 uel
1575 4974 1665 5028 aetatis
1684 4975 1829 5033 infirmitas
1843 4979 1922 5033 indu·

1130 5077 1194 5117 cere
1208 5064 1360 5119 consuerit.
1372 5063 1408 5116 Ea
1421 5064 1486 5119 sica
1506 5065 1607 5121 malitia
1628 5070 1741 5136 recedit,
1755 5079 1785 5125 ut
1797 5071 1831 5126 ad
1845 5087 1921 5125 inan·

1129 5154 1304 5208 suetudinem
1334 5157 1463 5223 accedat;
1494 5157 1535 5212 sic
1557 5161 1663 5216 accedit
1685 5163 1719 5215 ad
1745 5163 1864 5225 reniam,
1891 5173 1919 5217 ut

1128 5248 1304 5304 severitatem
1329 5264 1383 5305 non
1408 5252 1554 5308 accemlat:
1579 5255 1742 5308 sacrificium
1768 5270 1800 5309 cr
1828 5256 1918 5324 adipe,

1128 5340 1215 5395 simila
1227 5340 1286 5395 oleo
1296 5341 1356 5407 tita,
1368 5342 1554 5398 misericordia
1568 5346 1775 5413 superexaltans
1783 5344 1918 5414 judicium

1130 5430 1347 5485 eorrtmcndatur.
1364 5429 1428 5486 llaec
1442 5443 1506 5487 sunt
1521 5446 1582 5500 quae
1603 5434 1677 5488 circa
1697 5449 1844 5503 pauperem
1864 5435 1919 5503 spi·

1129 5519 1182 5573 ritu
1199 5530 1360 5586 presentem
1377 5519 1462 5574 illium
1478 5531 1597 5575 restrum
1615 5537 1664 5578 nos
1687 5532 1815 5588 morem,
1833 5534 1871 5582 ct.
1887 5533 1917 5577 m

1127 5605 1161 5657 ad
1180 5605 1397 5663 ndsericcrdiam
1412 5623 1461 5663 rus
1477 5621 1646 5676 moneamus,
1663 5626 1717 5665 non
1733 5612 1833 5667 inritus
1847 5612 1917 5664 inm·

1127 5705 1196 5750 tant.
1216 5696 1351 5766 impubes,
1375 5701 1490 5756 necdum
1505 5703 1678 5767 septennium
1697 5705 1846 5776 attingens,
1862 5719 1917 5773 qua

1110 5777 1206 5844 'atate
1221 5789 1318 5845 delicta
1335 5791 1425 5859 puniri
1441 5807 1494 5848 non
1510 5792 1623 5860 debent,
1651 5797 1744 5852 dolens
1765 5807 1795 5856 et
1818 5795 1917 5852 notens
