4425 6450
348 394 401 452 515

348 508 626 575 dissimulaverimus,
640 510 745 564 bonore
759 518 852 565 nostro
867 511 975 581 spoliati
991 528 1101 579 snmus:
1115 514 1136 569 sl
1153 521 1177 577 Α

348 600 478 669 prosequi
506 600 547 654 rel
572 599 698 669 persequi
718 598 886 655 rolrrcrimus
907 600 1027 667 lauturus,
1050 603 1137 659 ailen-

346 691 444 746 demus
467 690 596 744 andrum.
617 690 816 760 compellimur
835 701 944 759 autem,
967 695 1030 750 licet
1047 696 1137 761 inriti,

345 784 508 838 alterutrum
533 782 639 848 lacere,
661 784 726 853 qrria
740 784 821 838 simul
841 794 988 854 nitrumque
1008 803 1060 843 uon
1075 802 1138 856 pos·

345 890 438 930 srrrnus
459 877 595 943 retinerc;
612 884 639 932 et
661 892 695 931 ne
711 877 810 932 durrnn
824 888 852 934 et
867 893 995 949 asperum
1011 880 1139 936 rideatur

344 965 370 1022 id
389 966 476 1030 robis,
492 968 564 1023 scire
579 983 626 1024 ros
644 967 781 1035 noluimus,
802 971 868 1040 qnia
883 973 969 1027 sacris
985 973 1138 1029 rationibus

344 1061 507 1115 terribiliter
518 1070 559 1115 est
574 1075 745 1130 cupressum,
764 1065 837 1129 orrod
852 1064 1014 1120 ordinatioa
1028 1067 1137 1136 proprio

341 1151 471 1222 episcopo
490 1168 543 1207 uon
559 1161 699 1223 suscepta,
718 1154 797 1208 irrita
811 1157 847 1210 sit
864 1155 1004 1223 habenda3
1020 1172 1070 1213 nec
1085 1174 1136 1213 ex·

343 1242 421 1313 sequi
447 1242 528 1299 debet
550 1248 721 1303 sacerdotale
744 1248 948 1313 ministerium,
973 1249 1019 1319 qni
1050 1249 1134 1307 alium

340 1346 424 1400 quam
446 1337 586 1406 proprium
614 1338 772 1408 episcopum
798 1339 981 1396 ordinationis
1004 1355 1060 1395 sure
1086 1341 1136 1395 lra-

341 1423 431 1478 buerit
448 1426 619 1485 ministrum.
641 1429 741 1485 Videat
756 1430 886 1486 discretio
900 1442 1001 1498 restra,
1017 1431 1137 1502 qualiter

340 1515 524 1574 sirredelurnd
534 1521 664 1577 cicatrice
674 1522 766 1576 sanari
777 1524 864 1592 possit
873 1524 929 1579 irasc
938 1525 1017 1595 plaga
1030 1534 1134 1583 rrostra.

574 1658 741 1716 nulsione
758 1660 897 1717 ccxtlx.

519 1808 552 1846 an
567 1810 777 1852 srrrxsareusnu
793 1813 950 1855 eriscoeurr.

339 1922 466 1989 (irreritur
484 1929 555 1996 grrod
569 1930 666 2000 ubsque
683 1948 732 1986 stru
754 1933 860 1988 licentio
882 1937 1016 1991 nronurlris
1036 1934 1128 1991 Sunrlt

484 1999 600 2053 dnrnrrdi
613 2017 702 2055 socrus
717 2004 823 2057 ordines
835 2006 986 2060 contuderit.

373 2104 505 2162 iliramur
522 2121 647 2166 sanctam
669 2113 863 2170 discretionem
879 2129 1001 2172 uestram
1021 2118 1054 2173 ad
1073 2119 1127 2176 iroc

335 2197 459 2263 potuisse
482 2196 643 2269 induci,''ut
669 2207 819 2263 monachos
841 2219 950 2265 nostros
969 2211 1003 2265 de
1024 2210 1128 2267 Sarrcto

334 2286 460 2343 dmarrdo
472 2307 559 2360 rnrper
576 2299 744 2363 promoverit
765 2299 791 2354 in
804 2302 1029 2364 sacrosordines.
1047 2302 1127 2361 nobis

334 2389 388 2429 non
405 2382 559 2449 requisitis,
574 2385 776 2455 ignorantibus,
794 2392 974 2461 inconsultis-3
989 2410 1039 2450 nec
1052 2396 1125 2450 cuim

333 2482 382 2537 per
396 2468 577 2539 ignorantiam
586 2476 657 2545 juris
668 2489 714 2533 ant
730 2480 793 2537 lac-ti
809 2497 856 2539 t'os
868 2484 966 2540 iecisse
976 2488 1124 2552 credimus,

332 2574 393 2614 cnm
410 2570 437 2616 et
450 2578 549 2619 arcana
564 2582 707 2623 sacrorum
723 2586 859 2629 canonum
871 2577 948 2631 robis
961 2590 1082 2648 pateant,
1097 2591 1125 2636 ct

264 2693 267 2696 Α
332 2659 531 2712 monasterinm
551 2659 646 2716 Sancti
664 2664 782 2720 durandi
799 2676 922 2722 nostrum
937 2683 999 2724 esse
1013 2670 1124 2724 minime

330 2746 475 2804 dubitetis.
493 2752 546 2806 Sed
570 2769 620 2810 occ
641 2767 740 2813 restrae
759 2761 968 2817 consuetudinis
989 2763 1124 2820 hactenns

329 2850 391 2893 esse
407 2841 563 2897 audirimus
580 2844 606 2898 in
623 2848 741 2902 alienam
755 2866 871 2906 messem
887 2851 983 2909 falcem
998 2869 1046 2910 vos
1057 2856 1123 2911 mit·

330 2938 398 2997 lere,
418 2942 445 2986 ct
465 2934 579 2990 alterins
598 2937 680 3010 364
696 2940 820 2995 fraterna
832 2944 894 3012 jura
913 2946 954 3000 rel
974 2946 1000 3000 in
1015 2948 1122 3004 rnodico

330 3037 475 3093 usurpare.
497 3024 588 3083 Nostis
610 3032 691 3083 etiam
707 3046 790 3101 utram
808 3037 968 3092 terribiliter
984 3039 1057 3094 sacri
1072 3056 1120 3094 ca·

329 3112 505 3170 norres'lrune
523 3120 697 3176 detestentur
708 3137 863 3191 excessum,
880 3126 1063 3185 clamantibus
1078 3131 1120 3186 eis

328 3209 401 3275 gtrod
416 3209 552 3268 ordinatio
568 3229 582 3268 a
596 3231 649 3270 nrm
667 3217 785 3287 propriis
798 3219 932 3290 episcopis
944 3221 1027 3288 iactat,
1042 3224 1119 3279 irrita
1133 3232 1158 3296 c

328 3299 364 3352 sit
377 3299 514 3370 lrabcrnla,
538 3315 565 3359 et
582 3311 694 3380 exsequi
712 3327 764 3364 non
784 3311 862 3368 debet
883 3316 1053 3371 sacerdotale
1069 3319 1120 3371 uri·

327 3389 484 3458 nisterium,
494 3395 539 3465 qrri
554 3398 636 3452 alium
648 3416 730 3470 quam
743 3404 882 3472 proprium
895 3405 1051 3477 episcopum
1062 3417 1120 3463 snm

325 3484 509 3542 ordinationis
518 3488 642 3547 lrabnerit
656 3493 822 3549 ministrum.
834 3496 947 3553 Durruine
958 3515 1045 3566 urens,
1054 3501 1119 3569 cpdd

326 3576 444 3634 lecimus
462 3581 550 3645 rubis,
566 3593 613 3637 aut
628 3585 654 3638 in
670 3601 725 3656 guo
741 3587 847 3643 molesti
864 3588 976 3659 brimus,
991 3601 1020 3644 ut
1036 3601 1119 3647 tauta

325 3667 447 3728 lesionis
468 3673 539 3728 mala
561 3690 576 3729 a
599 3675 676 3732 robis
696 3680 886 3748 reportemus?
906 3682 1002 3738 Videat
1023 3692 1117 3737 sancta

324 3765 470 3834 prudentia
489 3777 593 3833 restra,
612 3772 752 3840 utromodo
771 3773 832 3828 sine
854 3775 968 3829 clusormi
987 3775 1118 3831 cicatrice

324 3858 416 3915 sanari
437 3861 524 3929 possit
542 3862 599 3918 baec
618 3864 696 3935 plaga
719 3876 823 3921 nostra.
844 3865 962 3922 Necdum
977 3866 1117 3923 delcrbuir

324 3950 422 4019 irrjtrria
441 3971 551 4024 pirama
573 3958 672 4013 uestris
689 3959 837 4014 abbatibus
852 3961 926 4030 passi
941 3977 1047 4027 snmus,
1067 3964 1114 4034 qut

323 4043 350 4098 iu
362 4045 474 4102 dioecesi
487 4058 590 4112 nostra,
605 4050 630 4104 iu
645 4056 824 4116 monasterio,
839 4050 909 4106 sicut
926 4052 1115 4123 robisscripto

321 4145 350 4191 et
361 4138 443 4193 serbo
454 4139 680 4210 significavimus,
692 4150 787 4197 contra
797 4158 934 4198 summum
946 4146 1113 4213 pontificem,

321 4237 417 4282 contra
442 4230 581 4283 dominnm
610 4230 792 4298 bonnensem,
821 4242 917 4287 cotnra
947 4237 1112 4303 parvitatem

864 391 1036 451 sreeltlllt
1057 393 1300 453 londonense
1319 394 1474 453 ertscmn

1452 507 1621 567 entsrota
1640 510 1716 568 CCL.

1307 620 1341 658 ιιι
1356 620 1479 660 ιιιιτιιι
1492 621 1516 661 s.
1533 620 1678 662 renouare
1696 622 1868 666 rsarsressrs.

1208 693 1277 749 Eunt
1294 697 1401 750 iustruit
1412 697 1445 750 de
1459 696 1490 750 iis
1504 713 1563 765 gnte
1579 698 1631 752 sibi
1648 699 1684 753 cd
1699 717 1791 768 parem
1813 701 1963 757 unicordem

1481 769 1584 837 ugeudu
1598 778 1683 822 erunt.

1224 879 1325 936 Audito
1339 880 1405 951 qnid
1419 881 1492 937 inter
1505 881 1606 939 iratres
1622 894 1730 941 nostros
1743 886 1881 943 malitiose
1894 901 1921 945 et
1934 888 1984 946 lie·

1189 970 1280 1026 biliter
1292 979 1400 1039 agatrrr,
1414 971 1542 1028 atrxiatns
1558 982 1600 1030 cst
1614 988 1698 1045 super
1711 991 1755 1032 nre
1767 978 1878 1045 spiritns
1891 995 1979 1046 ruens,

1188 1063 1214 1120 in
1230 1079 1273 1118 me
1288 1062 1425 1118 turbatum
1443 1071 1485 1120 est
1495 1078 1544 1117 eor
1558 1079 1660 1120 meum.
1673 1065 1757 1121 bolso
1769 1066 1865 1123 diebus
1876 1068 1981 1127 ultimis

1187 1176 1270 1217 canos
1285 1176 1361 1217 meos
1377 1176 1439 1215 cunr
1456 1176 1575 1217 moerore
1587 1163 1620 1218 ad
1632 1162 1734 1218 interos
1749 1163 1856 1233 deduci,
1870 1174 1908 1229 et,
1918 1167 1980 1238 jam

1187 1265 1271 1320 prope
1290 1251 1457 1322 sepulturam
1483 1266 1589 1317 meam,
1610 1267 1666 1307 non
1690 1262 1745 1307 tam
1765 1253 1881 1311 funebre
1894 1272 1979 1327 otram

1187 1340 1301 1412 lugubre
1321 1341 1508 1413 spectaculum
1524 1342 1671 1399 celebrari.
1689 1343 1756 1411 Quis
1777 1346 1850 1402 enim
1874 1346 1979 1408 laetitia

1186 1442 1213 1487 et
1227 1433 1408 1504 jucunditatis
1426 1434 1579 1501 meuserit,
1601 1435 1645 1491 ubi
1663 1437 1765 1492 uiscera
1780 1453 1840 1493 rnea
1852 1439 1920 1496 diris
1934 1442 1979 1497 iu-

1185 1524 1337 1581 cisionibus
1353 1525 1435 1597 305
1454 1526 1598 1588 laniuntur,
1617 1525 1717 1583 iratres
1734 1537 1762 1581 et
1783 1528 1830 1581 lilii
1843 1529 1895 1585 rnei
1908 1545 1978 1586 con·

1186 1618 1356 1674 tentionibus
1369 1627 1396 1673 et
1411 1619 1477 1674 rixis
1491 1627 1649 1681 armantur:
1663 1618 1753 1674 unitas
1768 1620 1889 1675 iraterna
1901 1622 1977 1677 scin·

1185 1707 1269 1776 ditur,
1283 1726 1336 1778 par
1351 1713 1463 1782 antiqua
1482 1712 1601 1769 soluitur
1620 1722 1648 1768 et
1666 1712 1796 1783 lugatnrl
1808 1712 1878 1770 Ecce
1900 1712 1975 1769 reri·

1186 1803 1294 1856 riseunt
1315 1804 1422 1860 cineres
1439 1804 1644 1872 incendiorum,
1664 1806 1716 1862 snlr
1732 1806 1877 1862 abbatibus
1893 1806 1926 1863 0.
1943 1815 1975 1863 et

1123 1937 1129 1949 .
1145 1900 1167 1955 Β
1182 1892 1214 1948 d.
1230 1892 1288 1964 (ab)
1304 1896 1488 1963 sevientium,
1503 1905 1531 1951 et
1552 1897 1579 1950 in
1593 1895 1716 1953 dammas
1730 1912 1843 1953 voraces
1858 1899 1975 1954 misera·

1180 1982 1271 2040 biliter
1284 1996 1462 2054 excrescunt,
1474 1999 1504 2043 nt
1516 1988 1608 2043 onrrria
1623 1989 1650 2043 in
1666 1987 1744 2043 nobis
1762 1987 1892 2044 tirnnum
1908 2004 1974 2059 ger-

1179 2076 1253 2130 mina
1267 2077 1417 2134 eradicent.
1430 2080 1536 2149 Ergone
1546 2080 1675 2150 peribunt
1686 2079 1794 2136 labores
1805 2080 1868 2147 mei,
1883 2081 1973 2137 tribua

1178 2165 1276 2224 lustris
1293 2168 1412 2226 illustres
1429 2170 1498 2241 (51),
1512 2170 1641 2228 Ecclesia
1653 2173 1744 2238 rutiles,
1758 2172 1915 2229 bominibus
1928 2188 1973 2229 ac·
2020 2177 2022 2182 '

1178 2261 1260 2332 cepti,
1275 2270 1301 2317 et
1315 2262 1432 2334 (utinam
1445 2265 1466 2332 1)
1483 2262 1539 2319 Deo
1553 2265 1635 2336 grati.
1651 2265 1758 2322 Ocaeca
1773 2266 1899 2332 ambitio,
1914 2281 1970 2336 cpm

1177 2351 1307 2408 lestines!
1326 2369 1380 2409 aran
1402 2354 1572 2421 irrsrrltando,
1588 2358 1781 2427 compatiendo
1794 2358 1864 2414 dico.
1887 2356 1971 2413 0sn-

1176 2446 1288 2516 perbia,
1310 2457 1442 2516 orrantum
1466 2451 1560 2518 potes!
1586 2465 1603 2506 o
1624 2451 1744 2519 invidia,
1765 2453 1830 2520 orrid
1850 2452 1967 2508 insanis!

1174 2538 1345 2595 Clrarissinm
1361 2541 1409 2597 tibi
1430 2542 1563 2613 imputare
1580 2553 1668 2614 potes,-
1688 2547 1734 2614 cpd
1748 2542 1899 2600 alienarum
1918 2559 1968 2598 ar-

1174 2630 1271 2687 borum
1283 2633 1388 2690 radices
1398 2633 1501 2689 territes
1509 2644 1535 2689 et
1545 2638 1726 2692 amarasoleae
1735 2647 1835 2692 nostrae
1845 2637 1968 2692 inserere

1173 2723 1294 2779 uoluisti.
1303 2724 1429 2797 Nurtqnid
1439 2729 1536 2797 poterit
1549 2728 1678 2798 oleaster,
1688 2728 1809 2783 insertus
1820 2727 1888 2783 olcas
1902 2743 1968 2783 con-

1175 2824 1215 2870 tra
1232 2825 1360 2872 naturam
1388 2817 1481 2875 iacere
1498 2820 1604 2876 fruetus
1626 2822 1733 2877 bonosi
1754 2822 1823 2888 erid
1842 2822 1919 2877 robis
1936 2830 1968 2877 et

1173 2908 1325 2981 transfugis
1346 2909 1500 2967 liartlnrsie
1529 2913 1606 2985 (bili
1635 2915 1701 2986 qnid
1721 2913 1798 2969 robis
1816 2924 1845 2969 et
1868 2914 1967 2971 incolis

1172 2999 1312 3055 droasiasl
1335 3001 1411 3057 luter
1427 3004 1487 3059 bac
1512 3006 1625 3077 accinge
1645 3008 1718 3063 sicut
1740 3008 1783 3062 uir
1802 3023 1858 3062 non
1876 3008 1965 3064 solum

1171 3094 1278 3148 lumbos
1300 3104 1377 3161 tuos,
1403 3096 1451 3153 sed
1476 3112 1572 3154 omnes
1592 3100 1790 3170 cogitationes,
1809 3099 1922 3156 allectus
1935 3110 1966 3157 et

1172 3192 1260 3240 actus.
1282 3186 1367 3242 Arma
1391 3196 1417 3244 te
1441 3186 1618 3258 fortitudine,
1639 3190 1773 3261 patientia
1793 3198 1820 3246 et
1842 3191 1964 3255 uirtute.

1172 3277 1300 3345 qarorriam
1322 3279 1438 3349 perlici
1465 3281 1583 3353 gratiam
1600 3281 1695 3353 plures
1717 3292 1799 3338 erunt
1819 3282 1964 3339 nobiscnm

1171 3384 1252 3438 urrann
1265 3385 1327 3425 curn
1340 3370 1404 3430 illis.
1418 3372 1474 3442 Ego
1483 3382 1574 3429 aunem
1591 3373 1616 3428 in
1630 3374 1765 3443 prasium,
1777 3374 1832 3430 beu
1843 3374 1963 3439 volente,

1170 3460 1280 3516 omissis
1292 3463 1419 3520 omuibus
1431 3466 1549 3536 negotiis
1562 3466 1639 3535 urreis,
1652 3476 1785 3524 uenturus
1795 3483 1854 3522 sum
1867 3468 1901 3522 ad
1913 3482 1964 3524 ros

1170 3567 1220 3622 pro
1232 3568 1299 3624 pace
1310 3566 1336 3611 el
1354 3558 1521 3613 auctoritate
1536 3567 1625 3613 restra
1641 3560 1838 3624 conservanda,
1849 3568 1877 3613 et
1890 3561 1963 3616 inter

1170 3644 1271 3703 iratres
1285 3660 1313 3703 et
1328 3650 1399 3706 nlius
1415 3660 1523 3706 uestros
1539 3665 1589 3720 pro
1604 3667 1686 3721 posse
1705 3663 1799 3708 nostro
1813 3653 1961 3709 concordia

1169 3739 1352 3800 reformanda.

1373 3855 1456 3928 aaa
1474 3856 1640 3912 sersaoni
1664 3856 1750 3913 cett.

1485 3966 1519 4005 ab
1541 3966 1637 4005 i'fflll·

1168 4061 1342 4133 Reprehendis
1366 4065 1477 4119 nimium
1502 4065 1696 4119 multitudinem
1718 4065 1906 4128 decretalium,
1933 4073 1958 4119 rt

1324 4138 1487 4207 professores
1501 4136 1546 4206 gui
1558 4139 1595 4190 eir
1610 4138 1796 4192 abutebantur.

1201 4226 1347 4297 impetrata
1365 4228 1444 4281 teriia
1456 4227 1601 4297 loquamur
1613 4228 1647 4283 sd
1664 4227 1806 4281 bacinnum
1822 4238 1957 4292 nostrum,

322 4328 454 4386 nostram,
467 4321 583 4389 superbe
598 4331 624 4376 ct
635 4321 730 4376 illicite
745 4325 1038 4380 excommunicationis
1050 4341 1112 4382 sen·
1164 4320 1245 4389 1111118
1261 4320 1443 4375 1111111111111110
1462 4330 1584 4376 ”osirim
1598 4322 1710 4376 8113ῡί111
1724 4320 1877 4385 audaciam·
1891 4337 1958 4391 pru·

322 4408 435 4464 tentiam
451 4410 577 4479 prolerre
594 4411 740 4467 iecerunt:
764 4414 846 4480 crude,
870 4416 892 4469 si
909 4415 1111 4485 beneplacitum
1163 4412 1255 4466 desiria
1275 4413 1393 4467 sustinet
1408 4412 1583 4482 imperitiam,
1599 4413 1731 4484 parientia
1751 4412 1886 4480 promittit
1905 4414 1957 4467 ini·

320 4509 440 4556 restrum
454 4512 536 4566 esset,
556 4503 685 4558 acritera
707 4506 785 4560 robis
802 4515 828 4560 er
844 4508 943 4579 corrigi
960 4518 987 4563 er
1007 4510 1110 4577 compr
1163 4503 1326 4569 puriritatem.
1343 4501 1489 4571 Compellit
1502 4503 1565 4556 lrinc
1576 4502 1711 4572 maiorum
1724 4501 1956 4564 auctoritas,inds

319 4593 525 4660 debuerauuet
534 4609 599 4650 eece
608 4595 725 4650 auridum
735 4604 832 4652 sarram
841 4598 929 4666 primo
937 4599 1060 4664 valisore,
1071 4615 1110 4654 se·
1127 4571 1149 4624 ⁰
1166 4592 1279 4649 cucurbas
1305 4592 1436 4663 pantanu
1466 4605 1590 4660 serpeus,
1605 4592 1684 4660 rarius
1709 4591 1841 4649 molestia
1856 4593 1877 4645 si
1900 4605 1954 4646 non

319 4693 408 4746 cnrrdo
429 4692 546 4761 pugione
566 4693 746 4761 percutimur,
763 4688 955 4756 corriudimur,
987 4691 1113 4748 rulrrera·
1163 4688 1321 4742 occurritur
1342 4688 1369 4743 in
1395 4685 1502 4756 primis,
1516 4687 1675 4743 incurabilis
1693 4695 1736 4743 est
1761 4685 1788 4741 in
1810 4686 1953 4743 extremis.

318 4797 386 4839 ntur.

353 4989 412 5061 libi
425 4988 518 5045 Odone
534 4986 639 5045 scilicet
652 4995 679 5041 et
691 4983 814 5041 biberto.
831 4983 890 5041 Odo
905 4985 951 5042 iile
968 4985 1107 5056 qrroudam

315 5063 391 5132 prior
405 5061 435 5114 S.
449 5058 579 5123 Victoris,
594 5060 700 5128 primns
720 5056 917 5112 carronicorum
939 5057 1106 5127 regularium

315 5126 706 5188 S.Gerrrrrclreabbascffeetus
716 5127 824 5193 est.eri
835 5142 896 5184 cnm
906 5128 983 5182 senio
992 5129 1106 5192 l'racrns,

314 5203 373 5273 ejus
396 5200 555 5256 monasterii
572 5200 691 5270 regimen
717 5198 880 5264 dimisisset,
896 5200 922 5251 in
939 5198 998 5264 ejrrs
1017 5197 1106 5251 locum

313 5275 445 5328 libertus
462 5270 592 5326 suffectus
614 5276 664 5321 est.
681 5267 745 5334 Quae
763 5278 855 5322 antem
872 5270 1013 5323 contentio
1034 5267 1107 5321 iuter

313 5344 459 5398 carronicos
470 5337 652 5399 S.Genoreise
661 5337 763 5394 Odorris
773 5346 894 5406 tempore
905 5344 999 5391 exorta
1011 5337 1103 5405 luerit,

313 5428 366 5468 nou
392 5425 517 5483 apparet,
537 5421 564 5464 at
578 5413 629 5464 snb
650 5409 761 5463 liberto
777 5411 830 5462 nati
852 5407 958 5462 dissidii
972 5420 1054 5460 cansa
1070 5406 1105 5461 le·

312 5485 384 5554 gitur
395 5485 421 5537 in
435 5483 494 5538 llira
507 5484 536 5538 S.
547 5480 683 5536 Gnillelrni
694 5479 764 5549 apud
776 5480 886 5535 Surium
898 5479 942 5533 die
951 5492 977 5531 ιι
988 5477 1101 5560 Aprilis,

311 5554 417 5607 scilicet
427 5558 497 5608 circa
508 5553 672 5607 electionem
683 5549 783 5618 prioris
796 5550 916 5619 ejusrlcm
929 5551 1100 5603 monaster-ri.

347 5625 404 5693 (51)
420 5623 457 5677 Ex
480 5625 523 5678 liis
537 5623 627 5677 uerbis
639 5621 779 5689 colligitur
792 5621 960 5688 Stephanum
977 5627 1101 5673 nostrum

310 5705 359 5762 per
371 5694 612 5747 xvcirciterannos
621 5694 736 5747 abbatiae
746 5691 775 5744 S.
785 5687 1101 5745 nanovelenartsnusn

310 5763 465 5833 praelulsso,
481 5764 515 5816 ab
528 5778 599 5816 artrro
612 5764 718 5818 scilicet
734 5761 803 5815 trio
818 5760 852 5814 ad
867 5758 943 5824 trau,
960 5769 1007 5813 aut
1019 5759 1063 5813 95.

345 5832 402 5907 (32)
414 5832 524 5903 Legitur
537 5834 562 5887 in
577 5831 734 5901 Nerrulogio
745 5830 774 5886 S.
791 5829 937 5887 Gerrorelre
955 5829 1100 5886 nonnullos

1162 4776 1218 4834 llec
1238 4780 1289 4835 boc
1304 4780 1431 4847 dicimus,
1447 4779 1538 4846 Pater,
1553 4788 1681 4851 tanquam
1699 4778 1812 4834 velimus
1832 4793 1894 4834 esse
1905 4786 1952 4833 aut

1159 4985 1308 5041 canonicos
1323 4984 1462 5055 regulares
1475 4981 1556 5051 lrrrjus
1572 4983 1669 5037 clamos
1687 4983 1721 5038 ad
1735 4982 1860 5039 ordinem
1880 4981 1950 5038 Cur-

1160 5055 1341 5111 tlrusiensiurn
1350 5072 1359 5104 ι
1367 5053 1590 5125 inaperlecrioris
1598 5055 1687 5108 studio
1697 5053 1867 5117 convolasse,
1878 5063 1907 5106 ut
1920 5069 1949 5107 nr

1158 5125 1221 5180 ldus
1231 5123 1318 5179 barrit
1330 5125 1489 5180 bisuerbis:
1502 5145 1510 5176 ι
1521 5124 1595 5180 Obiit
1604 5123 1701 5178 Petrus
1713 5122 1951 5190 canonicosbajus

1158 5194 1947 5265 Ecclesiaeprolessus,posteanrouaciursCartbnsiensis.r

1157 5264 1191 5320 Et
1207 5281 1233 5320 nr
1248 5265 1339 5321 Nonas
1355 5267 1491 5336 bugasti:
1509 5265 1707 5320 «ordiebatur
1731 5264 1886 5318 Berrtardus
1905 5279 1950 5315 sa·

1155 5339 1254 5393 cerdos
1270 5338 1420 5391 canonicus
1436 5343 1530 5390 noster
1545 5334 1700 5403 protessus,
1721 5343 1815 5405 postca
1827 5333 1947 5413 Cartim-

1156 5407 1254 5463 sieusis
1269 5408 1447 5462 rtrouaclms.»
1460 5404 1575 5472 Quidam
1587 5406 1669 5458 ctiam
1681 5420 1715 5459 eo
1725 5405 1818 5459 arrium
1829 5405 1903 5458 ducti
1918 5417 1949 5456 se

1156 5488 1318 5547 receperunt
1340 5477 1367 5532 in
1391 5477 1586 5531 monasterium
1607 5475 1788 5542 aroasieuse,
1818 5475 1947 5527 dioecesis

1156 5549 1355 5612 atrebatensis,
1375 5546 1499 5602 canonici
1510 5546 1625 5610 ordinis,
1639 5545 1684 5599 nbi
1701 5546 1879 5625 strictissima
1887 5558 1947 5595 ser·

1153 5618 1417 5688 rabatnrdiscipliua
1429 5634 1437 5682 ;
1449 5617 1583 5687 siquidem
1598 5616 1629 5670 ll.
1641 5617 1771 5672 Bernardi
1783 5614 1899 5670 corrsilro
1911 5613 1946 5667 ab

1154 5703 1203 5743 usu
1220 5689 1343 5743 carnium
1359 5699 1386 5741 et
1402 5687 1537 5741 lirrearnm
1550 5689 1737 5743 abstinebant.
1749 5687 1833 5741 Forte
1846 5686 1944 5760 borum

1153 5773 1168 5814 a
1179 5758 1346 5815 rarortastcrio
1356 5759 1385 5812 S.
1396 5757 1542 5813 Gerrunelu
1552 5774 1675 5816 recessus
1684 5757 1832 5815 rnurnruris
1840 5767 1867 5810 et
1879 5766 1945 5809 naar

1151 5829 1326 5885 occasionem
1341 5827 1570 5886 subministravit.
