4425 6450
325 448 378 509 dli
823 437 994 501 sibetts'ttt
1010 432 1254 501 tutritcbusts
1273 435 1429 501 lentescit
1916 437 1978 502 geo·

325 572 433 631 cedere.
448 577 497 624 ftcc
511 558 636 624 subditus
644 563 790 636 postulare.
804 563 890 618 Tatitu
904 579 966 617 eom
979 562 1120 631 diligentia
1138 571 1160 627 Α
1174 572 1201 616 et
1227 563 1321 616 liuniili
1346 562 1528 617 sollicitudine
1556 561 1689 617 beneficia
1707 570 1797 617 restra
1825 568 1971 637 prosequi-

326 660 494 723 curarimus,
508 656 590 711 tuntis
603 653 746 724 impendiis
763 654 922 714 extulimus.
939 661 1014 707 ιιιιιιιι
1025 652 1120 705 feriore
1171 667 1243 718 ntur,
1265 653 1341 708 illurn
1367 654 1393 707 in
1420 654 1498 708 robis
1513 653 1590 708 fieris
1613 653 1726 724 genibus
1743 656 1901 722 adorantes,
1932 658 1966 713 de

326 754 456 819 furimus,
473 759 502 804 ut
522 764 585 804 eum
601 746 721 801 solutum
744 746 779 800 ub
795 744 950 800 obedientia
967 753 1059 798 nostru
1076 759 1116 797 rc·
1171 744 1248 812 cnjus
1271 744 1439 813 plenitudine
1464 745 1619 815 accepistis,
1637 753 1708 799 utet
1728 746 1850 801 clnritas
1873 759 1967 804 urstru

326 844 435 899 mittere
451 840 518 896 niliif
530 838 604 894 ulind
619 846 700 907 qurum
716 837 843 893 anrlttcre
853 837 1030 891 aestimctnns.
1044 833 1122 888 Absit
1173 850 1226 889 noo
1241 835 1484 904 deficiutsingulis,
1495 846 1522 890 et
1538 834 1655 889 soffteiut
1666 835 1813 894 universis.
1828 837 1971 897 Culimum

326 946 356 991 ut
373 933 522 1004 ucepltulus
540 940 622 988 excut
636 947 650 987 a
666 931 759 995 nobis,
775 942 803 987 et
820 942 947 1001 tunquam
963 928 1052 984 ventis
1072 943 1122 983 ert·
1173 937 1333 999 qtrnssutum
1350 927 1602 996 cotrterebunt,al1i
1620 927 1704 982 linunt
1718 927 1854 999 fumigans
1868 940 1973 990 exstin-

327 1027 432 1098 positus
449 1025 510 1081 sine
523 1023 603 1081 titulo
628 1020 767 1092 clericus,
794 1024 855 1079 sine
875 1021 1011 1093 stipendio
1032 1019 1121 1085 miles,
1173 1020 1302 1090 guebunt,
1317 1030 1423 1078 sterce
1438 1036 1453 1076 a
1473 1032 1595 1091 quatuor
1610 1023 1700 1078 uentis
1718 1022 1874 1081 insufflante
1889 1040 1973 1097 super

326 1119 386 1174 titre
397 1114 494 1170 solutio
511 1124 621 1186 togatus
632 1114 780 1177 discurret,
796 1110 958 1167 miraculum
976 1108 1044 1174 suis,
1059 1122 1122 1177 spe·
1175 1126 1224 1168 nes
1237 1113 1340 1183 spiritu
1358 1112 1439 1185 197
1456 1114 1515 1180 Dei,
1530 1113 1671 1171 beneficiis
1686 1125 1713 1170 et
1732 1116 1903 1173 orationibus
1922 1134 1971 1173 rc-

326 1205 464 1262 ctacnfunr
492 1205 600 1263 silenis.
625 1204 665 1261 Ne
694 1212 784 1259 minen
809 1212 928 1259 vestrum
951 1199 1124 1257 offendamus
1174 1205 1239 1259 stris
1252 1220 1313 1261 ossa
1334 1215 1430 1261 nostru
1445 1205 1520 1260 uridu
1541 1206 1718 1262 resitiscunt.
1742 1206 1770 1261 ln
1787 1205 1863 1262 falsis
1881 1206 1974 1263 fratri-

327 1299 454 1371 gratium,
469 1314 505 1355 ne
516 1309 636 1356 uestrum
647 1298 822 1354 incurramus
836 1295 982 1358 offensum,
993 1309 1055 1348 euin
1069 1306 1122 1345 non
1174 1296 1225 1353 biis
1238 1299 1358 1367 prefiniti
1379 1300 1463 1369 possi,
1491 1300 1517 1353 in
1542 1298 1658 1354 consilio
1672 1298 1760 1365 dolos,
1781 1300 1973 1371 praeiudicium

329 1402 460 1460 tunquam
473 1390 543 1463 apud
556 1405 607 1447 nos
621 1390 774 1461 depositum
790 1387 869 1444 robis
881 1387 1061 1449 restituimus,
1074 1382 1122 1437 sed
1175 1388 1202 1443 in
1218 1406 1312 1455 caiisa,
1328 1392 1484 1445 violentiam
1502 1392 1529 1445 io
1544 1390 1621 1462 fuga,
1636 1392 1730 1462 ejecti,
1749 1393 1861 1464 pulsan,
1879 1393 1973 1449 afflicti

331 1490 460 1551 utiquam
477 1482 556 1537 nobis
573 1482 726 1552 appositum
744 1494 806 1534 euru
825 1478 904 1536 uobis
918 1477 1027 1533 interim
1045 1491 1121 1530 curri·
1176 1484 1361 1548 cnntumefiis,
1376 1486 1491 1540 suturuti
1506 1485 1672 1557 opprobriis,
1690 1489 1834 1542 sacerdote
1847 1491 1876 1542 et
1892 1488 1973 1543 levita

328 1575 500 1633 utendamus.
513 1575 591 1642 Quod
609 1574 631 1630 si
648 1589 697 1645 per
712 1573 759 1629 Dei
776 1572 987 1641 providentium,
1004 1580 1031 1626 et
1043 1585 1123 1639 opem
1178 1571 1394 1638 transcuntibus,
1419 1572 1567 1629 scntiuivos
1583 1590 1597 1626 a
1613 1584 1711 1630 suncto
1734 1573 1911 1632 Cisterclcnsl
1927 1591 1974 1632 or-

328 1667 408 1724 siniul
431 1683 464 1722 uc
485 1683 594 1736 operum
623 1677 754 1733 restrum,
772 1665 806 1720 ab
829 1664 967 1719 buiniiiori
989 1663 1023 1717 ud
1037 1663 1125 1717 subti-
1176 1663 1240 1720 dine
1265 1665 1322 1720 reri
1339 1665 1506 1722 Satnaritani
1529 1667 1663 1737 discipulo
1688 1670 1808 1740 suscepti
1824 1685 1929 1734 sumus,
1947 1681 1975 1725 et

330 1758 443 1813 tutiorem
459 1759 585 1827 gradum,
611 1776 625 1812 u
654 1756 774 1813 scabello
788 1758 822 1813 ad
840 1756 1041 1822 commumoni
1064 1755 1124 1826 pui-
1178 1770 1233 1810 non
1259 1772 1346 1827 osque
1362 1758 1390 1813 in
1405 1758 1556 1825 stabulum,
1583 1760 1631 1815 sed
1655 1775 1742 1830 usquc
1768 1763 1795 1816 in
1816 1763 1973 1819 cubiculum

328 1866 393 1907 rein
414 1851 590 1920 sitbjectioris
612 1851 645 1905 ud
666 1850 804 1920 speculum
821 1848 962 1920 regiminis
975 1848 1032 1918 iili
1061 1864 1123 1903 enm
1177 1848 1317 1917 genitricis
1329 1865 1384 1905 soae
1394 1850 1528 1921 perducti,
1541 1867 1639 1923 panem
1655 1850 1774 1908 filiorum
1786 1854 1865 1924 coplo
1880 1868 1898 1910 e
1911 1870 1973 1912 cum

330 1959 429 1997 uocare
444 1943 601 2013 eontigerit,
625 1937 652 1997 in
672 1944 722 1997 froc
736 1941 864 1997 fundabili
879 1937 1003 2009 profectu
1019 1947 1048 1992 ct
1060 1952 1125 2005 pro·
1141 1924 1163 1983 Β
1177 1941 1218 1995 eis
1236 1941 1414 2010 sutnpsimus,
1436 1944 1538 2013 quibus
1564 1946 1641 2000 micae
1664 1946 1795 2001 cadentes
1820 1948 1854 2002 de
1879 1965 1975 2005 mensu

328 2048 410 2088 verriu
438 2033 546 2104 plenum
570 2033 649 2105 195
673 2034 697 2088 ei
723 2032 922 2088 uibsolutionem
943 2028 1125 2097 indulgemus,
1177 2029 1350 2087 dominorum
1374 2043 1529 2089 nostrorum
1548 2033 1672 2091 sufficere
1694 2037 1862 2094 debuissent.
1886 2039 1976 2097 Colle·

331 2129 438 2198 plenum
457 2128 636 2181 ‹ottecdintns
649 2127 812 2180 libertutcttt.

560 2238 726 2295 bristout
738 2229 893 2294 Cxltxt'lt.

537 2350 570 2388 nn
586 2350 611 2389 u.
626 2347 749 2387 tuunreu
764 2348 788 2387 s.
810 2347 919 2388 strunt.

329 2423 413 2497 ftvpn
438 2445 484 2498 pro
512 2428 627 2497 tprtorlnm
648 2425 774 2495 stipitiru,
797 2434 826 2479 ut
852 2425 957 2494 cuipam
985 2423 1035 2492 ipsi
1064 2437 1129 2475 cort·

686 2500 774 2550 donet.

367 2589 535 2646 Clrurissimn
552 2588 662 2645 domino
678 2597 704 2643 et
718 2587 793 2643 Patri
808 2586 841 2643 G.
855 2586 950 2643 ubbuti
964 2585 1059 2641 Sancti
1075 2585 1127 2640 Su·

331 2680 396 2757 tyri,
415 2678 575 2739 Sterttnnns
598 2684 632 2737 dc
646 2681 749 2737 Sunctu
771 2680 909 2738 deuouere
926 2681 1014 2735 dictus
1030 2680 1125 2746 nbbus,

330 2790 488 2834 eottttnuncs
504 2777 645 2830 erutiones
658 2775 684 2829 in
699 2773 825 2847 Dorttitto.

1177 2121 1257 2191 gistis
1283 2124 1403 2191 exsules,
1419 2125 1579 2197 suscepistis
1602 2125 1717 2195 eiectos,
1735 2128 1846 2198 juvistis
1867 2132 1975 2201 pusillad

1178 2212 1277 2281 clines,
1306 2214 1445 2273 refovistis
1467 2216 1591 2285 flebiles,
1623 2220 1757 2278 mendicis
1787 2223 1885 2293 stipem
1914 2240 1976 2294 quie

1177 2304 1335 2374 sufficeret,
1363 2308 1505 2366 imbecillis
1526 2323 1606 2381 opem
1633 2327 1695 2384 qnae
1723 2314 1885 2385 proficeret,
1909 2319 1976 2373 sim·

1177 2393 1295 2465 plicibus
1308 2397 1463 2465 consiliunt,
1485 2400 1656 2471 supplicibus
1681 2403 1815 2459 auxilium
1842 2405 1976 2475 impendi-

1178 2486 1239 2542 slis.
1265 2487 1293 2541 fn
1326 2490 1369 2545 ftis
1393 2491 1520 2548 uentribus
1550 2497 1615 2564 quid
1646 2497 1802 2553 retribuere
1830 2513 1975 2566 possumus

1178 2576 1299 2635 norimus
1329 2586 1431 2639 nostris
1464 2601 1513 2654 pro
1543 2587 1671 2644 otnttilrus
1700 2605 1759 2661 qun
1787 2592 1976 2646 retribuerunt

1179 2670 1280 2727 nubisf
1303 2673 1447 2731 Retribuat
1472 2678 1550 2734 vobis
1574 2679 1646 2736 Deus
1669 2684 1819 2738 mercedem
1832 2682 1910 2751 justi,
1929 2685 1976 2753 tpi

1178 2779 1228 2820 nus
1245 2768 1371 2836 quamtis
1397 2768 1515 2840 injustos
1542 2772 1570 2827 in
1593 2774 1704 2829 notitine
1726 2773 1794 2843 ittsti
1823 2777 1974 2847 recepistis.

366 2864 531 2944 Asperitatis
543 2867 689 2924 etduritie
704 2867 828 2938 pictique
849 2881 899 2922 nos
915 2877 1043 2937 arguunt,
1058 2881 1127 2935 quo·
1179 2851 1233 2910 Sed
1249 2857 1378 2925 quoniam
1394 2860 1532 2929 negotium
1549 2873 1672 2919 nostrum
1687 2874 1816 2936 tuoquum
1833 2868 1860 2922 in
1874 2877 1975 2923 statera

336 2961 1046 3037 tiespunfoucriusunterruntcseorrigrmns,aut
1064 2975 1126 3015 eor·
1179 2960 1327 3019 aitpttnsum
1356 2966 1484 3007 ororetur
1506 2954 1596 3011 adbuc
1620 2966 1647 3013 et
1667 2955 1798 3025 fluctuat,
1830 2963 1975 3016 etsnmini

332 3060 447 3131 ripimns
460 3057 605 3128 inquietos.
619 3054 697 3121 Quod
713 3054 736 3107 si
761 3051 867 3122 tapsum
894 3052 1027 3122 releture,
1045 3053 1128 3126 196
1178 3049 1317 3115 pontificis
1332 3064 1448 3107 exutnen
1464 3062 1618 3124 exspectet,
1638 3071 1688 3114 nos
1708 3057 1735 3113 in
1751 3058 1809 3114 sela
1825 3059 1874 3115 bei
1893 3062 1977 3118 nuise-

332 3161 492 3224 percuntem
515 3148 650 3218 recipere,
666 3143 868 3200 ntertdieantem
883 3141 1052 3214 proforibus
1073 3158 1125 3198 uu·
1180 3141 1299 3197 ricordlu
1337 3155 1506 3215 sperantes,
1538 3158 1640 3205 sancte
1668 3150 1842 3220 paternitatis
1877 3165 1977 3211 veiim

334 3249 394 3302 dire
411 3244 593 3317 negligamus,
612 3238 737 3295 crudeles
751 3251 802 3293 nes
817 3236 979 3291 denuntiant
993 3246 1020 3292 et
1033 3235 1163 3324 prosi-c
1179 3234 1293 3304 genibus
1320 3233 1441 3291 udrofnti
1468 3235 1663 3307 supplicamus,
1691 3256 1820 3313 rogamus
1841 3254 1870 3301 et
1891 3244 1974 3300 obsc-

332 3353 392 3393 mos
412 3332 568 3391 hondcldis.
582 3330 611 3386 fn
628 3331 717 3402 primo
733 3328 756 3384 si
772 3327 983 3393 excesserimus,
1000 3342 1053 3382 non
1070 3327 1128 3382 cti·
1179 3339 1289 3382 cramus
1305 3327 1332 3383 in
1355 3327 1482 3399 bomine,
1497 3341 1525 3385 nt
1538 3332 1611 3401 quod
1633 3333 1660 3388 in
1674 3334 1752 3391 nobis
1766 3336 1888 3407 coeplstis
1911 3339 1977 3394 fine.

332 3436 412 3496 getnr
428 3433 485 3478 ntu
506 3421 586 3477 nobis
606 3417 724 3474 subditis
739 3415 797 3486 iii)
818 3414 926 3470 reniarn
947 3414 1126 3485 postulemus.

333 3522 362 3576 Ιιι
378 3518 497 3576 secundo
512 3514 745 3586 considerandum
768 3521 812 3566 est
834 3519 938 3580 quantu
962 3508 1129 3563 discret'ouc

334 3617 390 3686 regi
407 3612 506 3669 debent
519 3610 565 3682 qui
576 3608 733 3681 president,
749 3613 777 3660 ut
790 3607 863 3661 circa
874 3603 997 3660 subditos
1011 3619 1128 3673 percun-

334 3717 377 3762 tes
395 3703 584 3760 misericordia
611 3699 715 3766 uigilet,
739 3697 876 3752 excitetur
901 3697 998 3764 pietas,
1024 3703 1129 3748 trintum

334 3805 436 3877 puriter
450 3809 477 3853 et
488 3797 598 3853 modum
610 3794 737 3849 vindictae
750 3802 882 3862 paternus
897 3800 989 3846 vtucut
1001 3789 1125 3846 :idei-tos.

334 3897 397 3952 fede
407 3904 446 3950 est
459 3891 532 3963 qttud
545 3904 594 3960 pro
609 3886 786 3958 presentium
800 3885 888 3939 latore
903 3883 987 3939 fretrc
999 3899 1086 3954 nuper
1100 3894 1129 3938 et

333 3987 468 4044 cartonico
485 3992 579 4046 nostro
598 3994 694 4052 preces
712 3976 807 4044 fundo,
829 3986 859 4032 ut
872 3976 1036 4047 supplicanti
1059 3991 1129 4044 pun-

333 4080 414 4134 datur
437 4078 539 4141 editus,
563 4073 709 4145 colligatur
728 4085 812 4143 rugus
840 4077 868 4124 et
893 4069 1025 4138 prologus
1047 4083 1129 4138 snper

335 4183 449 4237 terrum,
468 4183 502 4224 ne
516 4168 545 4222 in
557 4165 625 4221 seito
641 4164 758 4219 sulutem
780 4161 900 4227 aurittat,
915 4161 941 4214 in
954 4172 1068 4214 excessu
1081 4159 1130 4212 de-

334 4269 425 4329 cedat,
448 4267 475 4321 in
488 4278 564 4319 moru
580 4270 694 4317 mortem
710 4259 841 4320 incurrut,
856 4256 931 4312 breui
947 4256 981 4310 ad
994 4269 1025 4309 se
1037 4269 1130 4309 rerer·

334 4375 381 4415 sus
396 4371 498 4430 paucos
509 4356 577 4418 dies,
591 4368 660 4424 quos
674 4351 740 4406 forie
758 4364 819 4404 cunr
839 4349 945 4406 cumuli
958 4359 1045 4403 mutre
1063 4361 1130 4416 pue·

335 4451 423 4507 riliter
440 4451 506 4519 egit,
523 4448 550 4504 in
573 4447 679 4517 grentio
694 4444 790 4500 matris
806 4458 863 4500 sure
878 4441 1029 4513 spiritualis
1044 4441 1129 4498 multa

335 4545 496 4615 punitentia
514 4540 632 4596 uiriliter
648 4541 783 4595 redimere
801 4536 955 4594 contendit.

556 4630 724 4688 nerstein
738 4628 905 4687 citttttttt.

334 4742 369 4784 ΑΒ
390 4740 512 4783 mim!
532 4739 741 4782 cisrettctcrtststt
756 4739 804 4779 SUB
825 4737 942 4777 censuit
958 4735 1127 4778 ctutttctttttt!

587 4808 871 4852 cuduntuuuibtfstutt.

419 4892 514 4949 Grates
525 4893 640 4963 referunt
653 4909 701 4962 pro
716 4891 847 4961 benefieiis
861 4894 912 4946 sibi
926 4893 1029 4947 collutis

373 4984 405 5041 Βι
418 4984 440 5040 si
455 4999 508 5040 non
519 4985 654 5055 condigno
671 4985 822 5053 gratiarum
840 4985 960 5050 uctione,
976 4984 1018 5055 pia
1036 4993 1128 5042 tuntett

337 5124 439 5181 nueltos
465 5121 661 5194 professionem
679 5122 833 5194 religiosum
848 5127 992 5191 emittere,
1011 5142 1043 5182 uc
1064 5136 1127 5184 solu

337 5194 443 5266 publice
473 5191 596 5265 proferre
626 5192 717 5247 serbis
743 5194 906 5262 quibusdum
931 5195 1072 5265 conceptis
1100 5207 1129 5252 ct

337 5264 537 5325 determinatis,
561 5263 718 5332 scriptoqne
732 5264 910 5333 constgmtis.
936 5265 1073 5320 Scribitur
1094 5267 1129 5323 de

337 5335 368 5389 if.
383 5334 523 5405 Stephano
544 5333 579 5388 de
601 5333 706 5387 littrctu
726 5333 872 5388 lundetorc
889 5337 994 5390 ordinis
1009 5335 1128 5391 Grundi-

339 5414 463 5460 ntontens
473 5419 497 5469 s,
509 5414 590 5473 uttpne
600 5414 679 5457 :tnteu
691 5403 824 5459 curicitico
836 5405 964 5472 reguluri,
976 5408 1048 5474 quoi
1063 5420 1127 5461 cunt

337 5473 699 5544 scripsissctprofessioncm
710 5488 787 5528 suam
801 5474 828 5528 in
843 5476 950 5541 elturtu,
966 5489 1026 5529 cunt
1043 5478 1128 5546 cupiti

337 5560 388 5600 sno
402 5547 542 5617 lotposnlt,
559 5546 670 5600 dicens:
699 5562 709 5596 ι
735 5544 915 5615 floritipotcns
930 5556 958 5599 et
972 5546 1129 5602 titiscticors

339 5615 420 5678 flens,
432 5622 483 5686 c'go
497 5616 582 5670 l'rutcr
600 5614 754 5684 Stepbunus
768 5617 896 5684 promitto
908 5617 955 5671 tibi
972 5631 1016 5672 me
1028 5619 1129 5673 umodu

338 5683 546 5741 seruiturunt'in
569 5687 620 5741 fruc
635 5701 727 5741 ercino
743 5689 769 5740 ln
793 5686 845 5740 fide
859 5686 1004 5754 catholica,
1023 5698 1051 5742 et
1066 5705 1130 5756 pro-

339 5763 399 5826 pter
411 5756 462 5809 buc
476 5771 547 5825 porto
564 5758 686 5810 clturtum
700 5757 780 5811 istum
796 5764 878 5826 slpcr
889 5767 971 5826 cupiit
986 5775 1087 5824 menni,
1100 5769 1129 5813 et

337 5824 468 5879 annuum
482 5828 563 5880 istum
583 5831 609 5881 in
625 5827 709 5894 digito
727 5841 796 5891 iiico,
815 5838 844 5881 nt
865 5829 890 5882 in
906 5830 950 5883 die
964 5830 1056 5884 obitus
1074 5831 1127 5883 ftltti

338 5891 375 5950 sit
399 5894 464 5950 tuibi
486 5897 544 5952 brec
569 5899 713 5968 prontissis
728 5911 756 5953 et
777 5900 833 5955 brec
848 5901 944 5956 elrurtu
964 5912 1071 5956 scutum
1101 5911 1128 5954 ct

1180 3417 1242 3476 liter
1266 3431 1295 3476 ct
1321 3421 1463 3491 benerde
1479 3422 1597 3481 feliciter
1612 3441 1644 3483 sc
1664 3427 1786 3486 benefice
1798 3435 1975 3504 compleatis.

1179 3513 1358 3571 Orationibus
1394 3526 1496 3574 restrts
1528 3526 1556 3574 et
1589 3519 1713 3576 consiliis
1750 3525 1977 3583 commendemus

1180 3620 1292 3661 causam
1319 3616 1454 3677 nostrum,
1483 3609 1609 3668 timentes
1633 3625 1666 3668 ex
1687 3615 1729 3671 bis
1746 3631 1808 3687 qnae
1828 3632 1978 3689 precessc·

1180 3707 1254 3766 nnn,
1269 3698 1485 3772 indignationem
1496 3712 1524 3758 et
1539 3704 1619 3772 irum,
1637 3706 1824 3766 inmissiones
1835 3724 1884 3779 per
1894 3725 1978 3782 ange·

1179 3791 1221 3847 fos
1245 3793 1343 3861 mulos,
1366 3809 1565 3853 conversorum
1581 3807 1737 3856 nostrerum
1762 3802 1901 3871 astutiam,
1926 3820 1976 3876 poa

1182 3886 1308 3953 tentiam,
1322 3887 1490 3957 superbiam,
1507 3888 1620 3959 fastum,
1637 3904 1774 3964 sumptus,
1788 3896 1933 3965 ambitum,
1949 3907 1979 3954 ct

1180 3977 1234 4033 ufiu
1251 3994 1313 4048 que
1333 3981 1432 4037 terrori
1447 3985 1615 4054 puupcrlbus
1639 3994 1666 4040 et
1689 3986 1819 4043 divitibus
1844 3999 1908 4046 sunt
1932 4004 1978 4044 er-

1181 4070 1246 4125 rori.
1265 4071 1362 4128 Valete
1378 4073 1406 4129 in
1430 4075 1547 4133 Domino
1569 4079 1738 4139 sanctissimi
1764 4095 1796 4136 uc
1820 4079 1972 4137 beatissimi

1180 4160 1288 4219 Patres.

1369 4257 1452 4330 ιω
1463 4256 1633 4319 uetsroutt
1644 4261 1789 4318 cxxxix.

1427 4367 1462 4407 ub
1473 4368 1580 4409 Pztuutf
1596 4371 1629 4410 DE
1646 4369 1736 4413 ubete.

1182 4444 1316 4500 Hortatur
1331 4459 1391 4500 eunt
1404 4446 1439 4498 ori
1450 4445 1609 4571 periectp‘orp
1627 4449 1710 4518 ntnpis
1726 4466 1757 4502 ue
1779 4452 1862 4520 irrepis
1876 4452 1977 4518 utttpfe·

1528 4533 1586 4572 cen
1607 4536 1633 4573 o.

1144 4609 1169 4669 [l
1217 4608 1414 4666 Amantissimo
1433 4607 1513 4664 frutri
1527 4608 1622 4665 Pereo
1633 4611 1666 4667 de
1682 4610 1771 4675 bucin,
1790 4611 1818 4668 S.
1833 4614 1977 4671 Genoteuu

1179 4701 1325 4766 cutronieo,
1339 4698 1498 4756 sisennus
1512 4702 1545 4755 de
1561 4701 1590 4757 S.
1607 4700 1745 4758 Genorcfn
1766 4704 1856 4759 dietus
1878 4705 1976 4769 atibus,

1180 4795 1303 4865 deposito
1315 4792 1515 4864 septentrionis
1533 4793 1635 4866 frigore
1648 4796 1757 4851 durtiina
1772 4797 1916 4855 charitatis
1931 4815 1977 4853 ar·

1179 4888 1257 4946 dere.

1215 4981 1330 5039 Solitum
1355 4999 1408 5039 nuo
1432 4983 1548 5040 solutam
1571 4982 1751 5042 fraternitatis
1766 4996 1794 5043 et
1808 4991 1904 5059 gratiae
1926 4992 1976 5046 tibi

1179 5121 1305 5180 defensio
1320 5130 1417 5176 contra
1430 5120 1545 5177 insidias
1560 5121 1734 5180 inimicorum
1751 5139 1888 5182 meorum
1908 5144 1920 5181 s

1215 5193 1272 5265 (if)
1291 5195 1377 5261 itogut
1389 5191 1559 5246 Lurrdcnseni
1580 5193 1832 5266 arehiepiscopum.
1846 5207 1874 5250 ut
1894 5213 1976 5266 nepe

1181 5273 1234 5320 tem
1256 5278 1335 5318 suurn
1357 5262 1470 5317 Petrum
1485 5265 1647 5318 carronicum
1663 5264 1692 5318 S.
1709 5264 1857 5323 Genorcfre
1881 5269 1908 5321 in
1928 5285 1973 5335 pn·

1181 5338 1260 5389 trium
1275 5342 1441 5388 remeantem
1454 5333 1544 5402 ulique
1557 5332 1699 5402 prelatum
1714 5336 1885 5402 cohonestet,
1901 5339 1976 5407 quod

1179 5405 1289 5475 quidem
1309 5402 1487 5458 effecttrmcst
1503 5418 1564 5458 eum
1586 5407 1720 5459 successit
1733 5409 1866 5462 arrrircuto
1882 5425 1931 5462 stro
1948 5410 1975 5461 fn

1179 5478 1336 5545 episcopatu
1362 5473 1561 5538 iloscliildensi,
1584 5490 1676 5546 quem,
1694 5487 1754 5545 pust
1769 5478 1973 5532 ubticutinnetn

1180 5545 1303 5610 Escftllir,
1326 5560 1387 5600 corn
1410 5542 1547 5598 Luniensi
1571 5549 1700 5617 pritnitu,
1714 5563 1748 5602 ex
1769 5551 1975 5616 dispensatione

1179 5617 1279 5669 sunnnl
1296 5617 1445 5685 pontitlcls,
1460 5628 1594 5673 tenuerat.

1216 5685 1272 5757 iii)
1288 5686 1365 5743 lime
1381 5687 1469 5740 locum
1486 5686 1638 5757 desumpsit
1649 5702 1682 5741 ei
1695 5687 1795 5759 Regula
1812 5689 1841 5747 S.
1858 5692 1974 5759 August.

1180 5773 1241 5825 cup.
1261 5758 1311 5811 fb:
1328 5775 1338 5809 ι
1356 5759 1433 5823 iittod
1448 5757 1470 5812 si
1494 5762 1601 5811 titolum
1626 5774 1672 5812 ros
1689 5761 1840 5816 excessisse
1854 5761 1974 5825 semitis,

1181 5845 1233 5882 nim
1250 5845 1265 5881 u
1280 5829 1357 5883 rolris
1374 5829 1493 5898 usigitur
1505 5838 1534 5880 nt
1549 5846 1562 5883 u
1579 5831 1655 5886 rolris
1667 5831 1783 5887 subditis
1802 5831 1910 5886 tertiam
1925 5847 1975 5900 pu-

1180 5901 1295 5955 sufetis.
