4425 6450
521 464 628 522 78⁸³
1296 457 1840 520 &maurianum
1877 457 2054 515 munt
2095 458 2428 529 QUINQUE.
2468 488 2540 503 —
2568 455 2959 516 PROLOGUS.
3690 454 3800 512 790

522 579 750 636 tionalls
809 578 1096 649 theologias
1123 580 1310 646 «huces,
1340 578 1459 634 zelo
1484 576 1702 646 nitidem
1733 576 1998 636 vernaus.
2028 579 2121 632 sed
2153 584 2199 640 Α
2230 575 2376 631 Patri
2428 575 2608 644 potins
2647 587 2813 643 qnam
2868 572 3006 628 Filio
3054 571 3354 627 ascriberet
3401 569 3656 634 Hilarius,
3718 572 3804 633 sio

527 665 639 708 non
669 650 970 704 secundnm
1014 649 1299 705 scientiam
1343 648 1582 704 innatus.
1625 648 1690 701 Et
1724 662 1887 716 quiam
1926 647 2112 718 iniquo
2226 647 2417 703 scribit
2443 660 2459 699 ε
2503 662 2523 697 ι
2543 646 2661 700 Non
2692 659 2815 698 enm
2847 652 3092 698 secutum
3121 642 3365 696 arbitror
3397 642 3449 695 in
3476 641 3802 698 miei-nitatis

522 722 802 789 saepiusin
828 718 1227 775 pictaviensem
1253 729 1503 774 nostrum
1530 719 1712 772 aninlo
1735 720 1921 781 tuerit.
1946 733 2108 788 quent
2218 715 2513 779 vocabulo,
2556 714 2661 770 nisi
2712 715 2857 786 quod
2907 712 3068 766 Pater
3108 727 3214 766 non
3266 712 3433 768 habet
3476 710 3693 765 Patrem
3734 711 3804 767 de

525 790 894 846 Archilochiis
937 791 1131 846 edictis
1179 790 1628 860 proscribendum
1676 788 1960 855 voluisset,
2003 802 2111 843 uuo
2217 802 2324 859 qno
2352 787 2457 851 sit;
2493 784 2663 840 Filius
2695 794 2877 839 antem
2909 785 2978 837 de
3017 782 3181 838 Patre
3206 792 3377 838 estut
3406 783 3500 844 sit,
3535 791 3697 851 atque
3721 781 3800 837 illi

525 859 795 915 duntaxat
818 860 1071 929 exemplo
1103 859 1316 916 Lectori
1347 869 1593 913 notatum
1624 859 1808 911 velim.
2217 868 2278 912 ut
2318 867 2623 912 coaeternus
2668 857 2781 911 sit:
2829 856 3007 922 imago
3047 854 3193 907 cuim
3245 854 3291 909 si
3339 852 3574 921 perfecte
3617 850 3803 920 implet

602 931 766 986 Libro
793 931 849 994 ¹,
878 946 1000 998 cap.
1031 931 1120 991 22.
1157 931 1322 985 habet
1352 931 1468 984 hoec
1502 929 1666 984 verba
1704 928 1936 984 Petrus:
1978 948 1994 983 ι
2023 928 2112 984 Fi·-
2220 927 2348 982 illud
2379 926 2536 994 cnjus
2568 928 2745 994 imago
2770 933 2879 985 est.
2912 925 3023 994 ipsa
3050 933 3366 993 comquatur
3390 924 3463 987 ei,
3506 937 3612 977 uon
3666 922 3798 976 illud

527 1001 634 1056 lius
663 1002 810 1055 enim
836 1001 1036 1055 dicitur
1066 1002 1245 1071 imago
1275 1000 1476 1064 Patris,
1499 999 1713 1053 ratione
1744 1000 2110 1069 proportionis
2216 997 2438 1067 imagini
2468 1012 2603 1061 suae,
2625 1016 2643 1049 ι
2680 1005 2785 1049 ctc.
2819 994 2943 1049 llaec
2973 995 3345 1062 Augustinus;
3376 1007 3537 1064 quem
3567 993 3692 1048 idco
3721 992 3802 1046 ci·

528 1082 764 1134 attenta,
795 1071 848 1125 in
874 1086 941 1126 eo
975 1072 1120 1140 quod
1153 1072 1332 1126 omnis
1362 1072 1539 1138 imago
1578 1069 1645 1123 ab
1675 1069 1980 1138 exemplari
2009 1073 2108 1124 de·
2222 1070 2488 1129 tavintus,
2524 1081 2590 1122 ne
2627 1078 2831 1122 temere
2874 1063 3191 1133 culparetur
3221 1074 3413 1119 auctor
3443 1063 3542 1132 ipsi
3576 1061 3803 1117 deditis·

529 1141 775 1194 ·jncitur:
804 1156 902 1195 nce
923 1141 1203 1196 confertur
1219 1141 1503 1210 exemplar
1525 1138 1770 1209 imagini,
1797 1149 1854 1193 ut
1874 1139 2113 1195 Achilles
2218 1140 2413 1195 simus,
2446 1136 2605 1191 Plura
2648 1137 2698 1190 id
2745 1150 2916 1206 genus
2946 1134 3050 1189 alia
3081 1148 3181 1190 nec
3212 1136 3391 1189 minus
3423 1133 3714 1188 infeliciter
3745 1133 3799 1187 iu

529 1221 760 1276 statuae3
800 1211 895 1265 sed
933 1212 1112 1281 imago
1142 1211 1462 1280 exemplari,
1496 1220 1551 1264 ιιι
1579 1218 1757 1264 statua
1792 1208 2010 1264 Achilli.
2045 1208 2115 1264 Ut
2222 1206 2546 1277 discipulum
2579 1218 2635 1262 et
2663 1207 2986 1276 magistrum
3019 1205 3241 1259 molitur
3266 1205 3568 1274 scribitque
3595 1202 3804 1259 Walte-

530 1280 704 1336 Filius
747 1281 979 1351 aequalis
1017 1282 1168 1337 Patri
1213 1281 1442 1345 dicitnr,
1486 1290 1541 1335 et
1589 1289 1891 1333 coaeternus
1927 1280 2016 1345 ei,
2055 1288 2114 1335 et
2218 1293 2333 1342 rus,
2377 1286 2436 1332 ut
2479 1274 2662 1334 abbati
2705 1274 3110 1332 claraevallensi
3155 1275 3456 1339 Bernardo,
3496 1287 3658 1344 quem
3698 1273 3803 1327 im·

528 1350 1022 1408 consubstantialis
1050 1353 1122 1409 ei.
1157 1350 1310 1419 Quod
1338 1368 1369 1407 e
1398 1359 1584 1406 contra
1617 1363 1724 1403 non
1755 1349 1974 1411 dicitnr,
2006 1351 2110 1405 etsi
2217 1363 2386 1431 pense
2411 1349 2600 1413 coluit,
2630 1356 2777 1404 esset
2827 1346 2981 1400 satis.
3014 1345 3187 1412 Quam
3220 1346 3417 1400 iterum
3469 1343 3632 1412 opido
3661 1342 3805 1398 belle

532 1436 663 1476 vere
704 1424 877 1490 possit
922 1421 1093 1490 dicht»
1130 1426 1260 1489 Qum
1287 1422 1450 1477 verba
1483 1421 1724 1492 graviter
1753 1420 1874 1473 tulit
1900 1420 2112 1476 Walte-
2219 1421 2443 1475 insultat
2501 1418 2831 1482 Lonibardo,
2867 1416 3011 1485 quod
3068 1417 3351 1486 scripserit
3403 1414 3681 1470 Christum
3737 1427 3804 1467 ex

528 1506 650 1556 rus,
677 1493 771 1548 scd
800 1494 1022 1560 ignarus
1044 1492 1287 1563 phrasim
1329 1492 1473 1545 illam
1503 1489 1954 1561 Angustinianam
1985 1505 2111 1547 esse
2218 1488 2564 1558 sanguinibus
2598 1490 2658 1543 B.
2687 1486 2926 1558 Virginis
2950 1498 3277 1556 conceptum
3308 1484 3510 1541 fuisse?
3538 1481 3647 1538 Scd
3672 1496 3800 1537 num

529 1561 569 1616 l.
603 1577 676 1616 vt.
717 1561 795 1617 De
826 1562 1039 1627 Triuia..
1065 1578 1185 1632 cap.
1215 1561 1302 1615 ¹0.
1333 1561 1660 1632 Expendens
1682 1559 1829 1613 enim
1855 1561 2112 1632 Augusti·
2218 1560 2505 1628 imperite,
2549 1558 2797 1628 judicent
2848 1556 2980 1621 alii,
3029 1558 3356 1628 videantque
3400 1570 3564 1628 qnam
3618 1551 3804 1623 inique

531 1646 640 1688 nus
668 1633 812 1689 hanc
843 1633 1033 1688 Hilarii
1074 1632 1404 1688 sententiam
1445 1633 1512 1688 de
1550 1632 1720 1686 tribus
1750 1630 1802 1684 in
1841 1628 2113 1687 Trinitate
2219 1646 2608 1699 nonnunquam
2638 1628 2899 1701 vapulent
2922 1635 3000 1682 tot
3029 1627 3270 1683 illustres
3299 1628 3392 1684 illo
3416 1621 3619 1682 saecuto
3646 1624 3802 1678 theo·

567 1704 799 1767 ers-onis,
827 1705 864 1758 l.
889 1718 950 1757 ιι.
997 1704 1071 1759 De
1099 1702 1315 1765 Triuie„
1345 1702 1447 1757 snb
1475 1701 1728 1757 initiunt:
1768 1698 2111 1759 ‹AEternitas
2218 1699 2378 1769 logiae
2418 1715 2697 1771 procereS,
2730 1702 2783 1754 in
2823 1712 2931 1781 quo
2969 1707 3025 1754 et
3066 1699 3157 1767 qni
3204 1698 3358 1768 plura
3388 1697 3591 1754 scireut
3615 1704 3672 1752 οι
3706 1692 3805 1766 qul

554 1789 585 1825 ιι
630 1772 823 1839 Patre,
864 1774 1073 1842 species
1117 1775 1170 1827 iu
1217 1772 1483 1843 imagine,
1530 1787 1660 1828 usus
1708 1772 1762 1826 in
1805 1785 2105 1838 munere;»
2219 1773 2421 1841 minus,
2452 1786 2606 1843 aequa
2638 1779 2757 1826 erat
2786 1770 2896 1826 iltis
2923 1768 3201 1826 scribendi
3230 1767 3418 1825 libido.

525 1840 776 1917 illudque
804 1853 966 1915 captu
1009 1843 1113 1902 sibi
1155 1842 1377 1900 difficile
1417 1853 1592 1910 ratus,
1619 1857 1716 1900 cur
1741 1842 2106 1899 aeternitatem

1328 2242 1805 2368 PETRI
1886 2240 2997 2373 PICTAVIENSIS

1211 2492 3132 2657 SENTENTIARUM

1571 2784 1956 2905 Llsffl
2073 2785 2757 2925 QUINQUE.

1811 3215 2524 3323 1PROLOGUS

1288 3410 1385 3474 Ad
1427 3411 1504 3474 D.
1541 3411 1963 3476 Guillelmum
1997 3411 2557 3493 archiepiscopum
2589 3413 3058 3478 senonensem.

3731 2753 3993 3071 θ
4033 2937 4041 2945 ,

589 3766 645 3823 ln
676 3768 897 3824 deserto
940 3781 1136 3821 manna
1180 3765 1497 3838 colligentes
1543 3767 1683 3824 alius
1738 3769 2012 3839 lntegrnm
2050 3786 2264 3841 gomor,
2295 3772 2436 3829 alius
2464 3773 2606 3845 plns,
2636 3776 2775 3832 alins
2796 3777 2976 3833 minus
2999 3790 3097 3847 pro
3132 3791 3228 3832 sua
3256 3778 3492 3849 quisquc
3527 3779 3806 3836 aviditate

516 3860 814 3933 colligebat
839 3857 1040 3930 (Exod.
1071 3874 1182 3924 xvi,
1222 3859 1347 3928 17).
1390 3857 1684 3914 Nobiscum
1746 3860 1884 3915 bene
1911 3861 2089 3928 agitur
2131 3863 2175 3917 si
2225 3872 2348 3933 post
2372 3879 2629 3934 magnum
2679 3866 2920 3921 laborem
2973 3867 3041 3922 de
3089 3880 3155 3922 eo
3180 3871 3327 3938 quod
3357 3868 3483 3926 aliis
3514 3864 3806 3928 residuo-‘r

517 3962 622 4017 est.
653 3952 1007 4010 medietatem
1041 3966 1236 4022 gomor
1259 3951 1514 4022 colligere
1562 3952 1747 4006 datum
1774 3949 1963 4008 suerit.
1989 3953 2045 4009 ln
2073 3970 2139 4011 eo
2187 3956 2390 4026 qnippe
2432 3955 2638 4013 laboris
2691 3960 2864 4015 nostri
2917 3960 3174 4016 ssduciam
3229 3961 3485 4031 ponimus
3514 3963 3661 4034 quod
3691 3980 3808 4021 nee-

515 4045 612 4119 qui
642 4045 765 4118 plus
787 4043 1111 4115 collegerat,
1155 4046 1344 4100 habuit
1370 4045 1642 4115 amplius3
1672 4058 1774 4100 nec
1797 4044 1890 4113 quii
1918 4046 2097 4103 minus
2125 4057 2437 4118 paraverat,
2466 4050 2669 4118 reperit
2712 4052 2919 4108 minus.
2952 4052 3044 4108 Sic
3075 4052 3263 4123 utique
3294 4067 3393 4108 nos
3419 4053 3465 4109 si
3498 4056 3567 4110 ad
3594 4053 3791 4109 altiora

515 4136 674 4197 verbi
706 4136 801 4196 Dei
837 4135 1177 4212 pettetranda
1203 4134 1490 4206 mysteria,
1525 4147 1715 4204 gomor
1745 4133 2019 4205 perlicere
2066 4136 2382 4206 nequimus,
2429 4153 2459 4191 a
2509 4137 2622 4194 Deo
2650 4137 3046 4208 perficiendum
3076 4150 3457 4211 exspectantes
3479 4144 3791 4210 ;‚non.idco

518 4237 840 4295 desistimus
862 4235 995 4307 quin
1021 4234 1216 4289 saltem
1238 4227 1468 4302 juxlaitl
1497 4227 1643 4303 quod
1670 4228 1834 4283 cdere
1873 4242 2186 4298 possumus,
2231 4228 2552 4300 colligamus
2582 4230 2761 4303 (ι’ὺὶιί..
2795 4230 2919 4302 ¹8);
2977 4241 3033 4287 et
3063 4233 3220 4301 quasi
3272 4234 3556 4290 dimidium
3588 4250 3784 4307 gomor

513 4330 788 4399 dispersa,
815 4337 873 4385 et
900 4342 1011 4399 prae
1039 4326 1122 4382 sui
1154 4325 1425 4382 tenuitate
1449 4339 1645 4380 manus
1672 4318 2048 4394 colligentium
2105 4321 2558 4393 subterfugientia
2604 4339 2701 4394 pro
2750 4335 2915 4397 captu
2965 4324 3341 4398 intelligentiae
3366 4339 3787 4400 congregantes.

514 4424 665 4479 velut
694 4424 790 4494 qni
814 4421 1020 4493 colligit
1052 4435 1259 4491 paucas
1291 4421 1473 4490 spicas
1497 4428 1619 4491 post
1647 4434 1904 4486 messem,
1934 4419 2018 4474 vel
2044 4420 2180 4476 duas
2227 4425 2323 4476 aut
2354 4423 2467 4476 tres
2493 4418 2666 4477 olivas
2697 4420 3025 4492 superstites
3085 4431 3209 4492 post
3264 4423 3675 4495 excussionem,
3717 4425 3787 4481 ad

513 4528 777 4569 acervum
814 4522 1123 4583 portamus.
1164 4510 1519 4582 Disputabilia
1545 4510 1715 4582 igitur
1741 4525 1912 4567 sacrm
1943 4511 2240 4582 Scripturae
2265 4523 2323 4568 ut
2351 4515 2678 4573 rudimentis
2718 4513 2786 4573 ad
2812 4527 2938 4573 cum
2996 4513 3376 4575 accedentium
3408 4517 3798 4585 consulamus..

512 4606 570 4662 in
603 4605 801 4661 seriem
835 4605 1146 4675 redigentes
1171 4603 1482 4660 inordinata
1516 4603 1570 4659 in
1604 4603 1855 4660 ordinem
1902 4605 2231 4676 redigimns3
2288 4605 2591 4662 inveterata
2642 4622 2738 4678 per
2770 4609 3074 4664 modestam
3124 4608 3534 4679 inquisitionem
3559 4625 3789 4668 renova-

511 4713 638 4757 mus
664 4714 680 4754 :
713 4699 1017 4756 solutiones
1039 4697 1131 4753 ubi
1160 4698 1229 4753 de
1260 4699 1440 4754 medio
1463 4701 1731 4755 montium
1763 4699 2043 4757 fluxerunt
2077 4702 2427 4757 adhibemus.
2462 4702 2564 4760 Ubi
2601 4718 2731 4758 vero
2771 4701 3053 4773 Scriptura
3083 4702 3338 4768 tacuerit,
3374 4714 3593 4775 sumpto
3623 4704 3785 4775 pleno

511 4793 718 4865 pugillo
743 4795 810 4849 de
841 4794 1040 4859 simila,
1073 4795 1222 4863 quod
1255 4794 1526 4864 reliquum
1557 4802 1646 4848 est
1680 4795 1748 4850 de
1770 4794 2066 4861 sacrificio,
2121 4796 2249 4852 tiliis
2270 4797 2454 4852 Aaron
2488 4796 2838 4853 dimittimus.
2868 4797 3021 4864 Quod
3068 4797 3114 4851 si
3154 4794 3353 4851 necilli
3388 4797 3786 4854 edisseruerint

508 4885 685 4939 donec
708 4883 824 4938 sole
851 4881 1223 4938 incalescente
1247 4897 1445 4937 manna
1468 4881 1716 4952 liquefiat
1740 4883 1922 4950 (ibim,
1950 4883 2070 4954 Ἢ),
2107 4887 2253 4957 quod
2284 4891 2351 4942 de
2404 4902 2544 4958 agno
2568 4887 2856 4945 comedere
2888 4901 2993 4942 non
3031 4886 3363 4956 poterimus,
3395 4889 3505 4961 igni
3534 4905 3784 4947 creman-

509 4973 640 5029 dum
678 4973 1058 5044 relinquimus.
1091 4973 1263 5045 lanns
1292 4984 1473 5029 autem
1502 4977 1686 5043 operis
1734 4974 1852 5040 tihi.
1881 4976 2044 5032 Pater
2066 4977 2265 5050 inclyte
2291 4977 2607 5046 willielme,
2651 4978 2846 5049 proesol
2874 4977 3232 5046 senonensis,
3254 4978 3439 5035 limam
3470 4984 3780 5039 reservavi-

507 5076 657 5128 mus,
685 5064 775 5119 cui
798 5074 855 5120 et
877 5063 1106 5120 scientia
1131 5065 1200 5120 ad
1238 5064 1691 5133 discernendum,
1735 5076 1790 5121 et
1819 5064 2072 5122 facundia
2098 5069 2170 5124 ad
2206 5069 2595 5134 erudiendum,
2656 5079 2714 5124 et
2736 5084 2917 5125 mores
2972 5073 3276 5128 exuberant
3322 5072 3391 5129 ad
3438 5075 3775 5145 exemplum.

508 5153 641 5212 Tuae
680 5155 852 5228 igitur
876 5157 1142 5213 bonitatis
1176 5157 1281 5213 erit
1307 5157 1452 5213 sicut
1481 5168 1605 5214 tuus
1637 5167 1722 5215 est
1748 5174 1871 5216 mos
1900 5159 2201 5216 humilibus
2225 5159 2431 5227 favere,
2462 5176 2601 5230 opus
2627 5162 2910 5219 humiliter
2949 5164 3306 5221 elaboratum·
3319 5167 3610 5235 multisque
3644 5169 3782 5238 vigi-

507 5250 600 5306 liis
628 5264 793 5305 causa
838 5250 1150 5305 communis
1172 5250 1447 5308 commodi
1490 5251 1856 5317 elaboratum,
1893 5263 2128 5322 paterna
2154 5269 2321 5309 manu
2384 5254 2695 5324 suscipere3
2745 5266 3057 5328 susceptum
3083 5257 3373 5328 splendore
3419 5260 3783 5330 correptionis

507 5343 806 5408 illustrare,
828 5343 1102 5413 correptis
1133 5345 1514 5401 anctoritatem
1542 5346 1809 5416 praebere.
1842 5345 2106 5402 Ordinem
2133 5362 2354 5418 quoque
2411 5348 2653 5420 quinque
2682 5349 3040 5418 partitionum
3096 5349 3466 5406 distinximus.
3514 5348 3571 5405 ln
3599 5353 3775 5420 prima

506 5436 720 5509 agendo
746 5435 814 5490 de
843 5434 950 5490 lide
982 5433 1300 5502 Trinitatis;
1342 5436 1396 5492 in
1427 5438 1669 5493 secunda
1708 5436 1991 5492 rationalis
2032 5446 2321 5494 creaturae.
2354 5439 2408 5509 2
2439 5438 2495 5494 ln
2524 5438 2685 5495 tertia
2713 5441 2779 5496 de
2809 5439 3160 5512 reparatione
3218 5454 3341 5509 quae
3389 5439 3533 5496 sacta
3562 5448 3647 5496 est
3680 5455 3780 5511 per

506 5527 777 5583 virtutum
809 5527 1233 5583 restitutionem.
1264 5527 1323 5583 ln
1355 5538 1550 5601 quarta
1575 5529 1642 5585 de
1671 5544 1734 5584 ca
1755 5545 1879 5600 quae
1901 5532 2070 5587 semel
2112 5528 2254 5587 lacta
2279 5541 2361 5587 est
2387 5546 2485 5603 per
2517 5530 2983 5591 incarnationem.
3014 5531 3070 5586 ln
3095 5530 3286 5603 quinta
3314 5531 3382 5589 de
3404 5545 3466 5589 ca
3495 5547 3617 5603 qoae
3637 5546 3778 5604 quo-

506 5617 642 5676 tidie
673 5621 732 5677 tit
764 5635 864 5694 per
892 5631 1366 5681 sacramentorum
1392 5622 1887 5694 participationem.

1772 5878 1801 5892 .,
