4425 6450
352 494 405 551 eea

904 485 1011 541 abatttl
1031 482 1177 539 tubatts
1194 480 1375 537 PERSENIAE

1941 486 1996 545 668

354 607 431 677 loqui
457 606 593 674 imperat;
612 608 639 656 et
660 603 684 656 si
702 602 743 656 vis
759 602 869 657 reniam
898 601 1045 670 irupetrare
1066 615 1147 669 quam
1164 608 1185 663 Α
1200 598 1282 653 rninis
1302 596 1372 659 mei,
1389 597 1515 667 ingerere
1529 595 1563 651 de
1581 596 1758 652 correctioris
1777 597 1840 653 vitae
1861 601 1991 669 proiecti-

352 693 582 766 postulassetis
598 702 625 747 et
641 692 699 763 ipse
717 693 824 746 reniam
846 692 886 747 sic
900 690 1034 760 loquenti.
1060 691 1146 745 Venis

353 787 488 855 siquidem
503 798 584 840 arnor
598 792 652 837 tam
670 783 864 839 assentationis
878 795 977 849 expers
990 796 1072 850 quam
1090 779 1147 834 ior-

352 874 477 939 midinis,
494 874 567 929 sicut
583 873 694 943 palpare
714 889 768 928 non
790 874 877 939 novit,
898 873 938 927 sic
951 886 1000 925 aec
1014 885 1145 939 parcere;

267 1022 269 1026 ,
351 968 398 1022 sed
420 975 499 1021 tanto
519 966 710 1020 velremeutius
733 974 838 1033 quanto
862 964 1045 1019 conlidentius
1069 962 1149 1017 inve·

351 1056 462 1126 bitariin
470 1058 602 1113 amicum.
614 1057 701 1127 lgitur
710 1057 837 1127 quisquis
845 1056 895 1122 sis,
903 1055 1148 1127 quomodocunque

353 1160 379 1203 te
397 1150 522 1213 babeas,
543 1164 593 1218 ego
608 1159 634 1203 te
649 1164 698 1219 pro
721 1160 799 1219 parte
815 1154 875 1203 niea
891 1161 943 1204 non
960 1150 1072 1206 cessabo
1087 1147 1149 1202 dili·

354 1251 436 1307 gere,
460 1250 609 1307 proposse
635 1253 695 1291 mco
724 1237 753 1291 id
782 1247 922 1308 satagens,
939 1248 967 1293 ut
989 1239 1026 1294 sit
1045 1237 1149 1292 autoris

354 1330 407 1382 nrei
421 1327 548 1383 Cbristus
571 1329 597 1383 in
613 1343 706 1383 causa.
726 1327 787 1384 0si
808 1339 835 1383 ιιι
860 1331 886 1384 in
900 1330 1036 1385 llarumam
1059 1345 1148 1384 meam

351 1418 442 1471 oleum
467 1419 600 1486 mitteres,
620 1429 648 1475 ct
670 1420 704 1475 de
727 1422 781 1475 tuis
803 1422 975 1490 prolertibns
996 1438 1061 1477 utem
1079 1424 1148 1478 dile·

353 1506 480 1565 lectionis
506 1519 654 1581 augmenta
680 1512 851 1581 perulereuti
874 1514 927 1568 osi
943 1514 1036 1568 uirtuti
1063 1516 1147 1569 arrirui

353 1598 433 1655 dares
452 1616 576 1671 operam,
608 1612 635 1658 et
656 1604 801 1658 mrrndanm
826 1605 939 1659 vanitati
970 1605 1148 1671 valefaciens,

355 1704 536 1763 postponeres
564 1698 785 1751 contemnende!
815 1699 875 1752 osi
898 1699 947 1753 tibi
969 1711 1043 1753 esset
1067 1701 1148 1763 ratio,

353 1799 415 1852 quae
430 1784 492 1839 lidei
516 1786 600 1841 radiis
625 1786 778 1853 illustrata,
799 1803 879 1844 ortttre
899 1790 971 1860 qnod
995 1791 1059 1845 lacit
1079 1792 1150 1862 inju-

353 1876 421 1930 riam
434 1875 501 1945 juri,
516 1891 564 1945 per
576 1876 673 1944 judicii
691 1879 881 1935 rectitudinem
898 1880 1067 1950 reprobaret,
1083 1882 1148 1951 quis

1200 690 1263 752 bus,
1284 688 1370 744 amori
1391 703 1451 743 nreo
1474 687 1564 744 lacere
1587 688 1733 760 gaudium,
1759 690 1804 759 qui
1823 695 1992 763 propositum

1200 780 1287 835 babeo
1301 780 1334 833 de
1347 778 1405 834 sola
1421 778 1574 834 animarum
1591 778 1679 833 salute
1696 778 1792 835 taran.
1817 781 1929 839 Utinam
1942 787 1991 842 tibi

1199 869 1233 924 de
1247 868 1399 939 appetenda
1419 869 1502 923 animi
1526 868 1627 923 virtute
1642 868 1678 924 sit
1698 868 1831 936 studium,
1853 875 1926 941 quod
1949 876 1992 930 la-

1198 961 1252 1017 cile
1270 969 1455 1031 contemptum
1482 962 1574 1017 mundi
1591 977 1690 1032 parere
1707 964 1872 1019 cousuevit!
1897 966 1993 1027 llirtns

1199 1055 1299 1124 quippe
1313 1054 1352 1110 sio
1368 1053 1486 1109 institnit
1504 1053 1544 1109 sui
1568 1055 1733 1123 possessoris
1750 1056 1883 1122 animum,
1897 1067 1928 1113 ut
1943 1060 1994 1115 lra-

1199 1161 1280 1200 nores
1299 1161 1382 1203 onera
1403 1154 1521 1215 reputet,
1546 1146 1704 1218 indignetur
1732 1145 1919 1216 dignitatibus,
1935 1165 1995 1207 me·

1199 1236 1375 1293 diocritatem
1399 1237 1527 1301 suadeat,
1541 1250 1602 1304 qua
1622 1246 1724 1291 sanctae
1738 1245 1853 1305 cognata
1868 1246 1913 1293 est
1925 1253 1995 1308 pau·

1201 1328 1327 1396 portatis.
1354 1326 1434 1382 Circa
1450 1327 1503 1383 boc
1519 1328 1639 1381 maxime
1653 1328 1726 1397 riget
1740 1328 1851 1384 uirtutis
1865 1331 1994 1387 modera-

1191 1421 1249 1482 tio,
1267 1428 1296 1473 ιιι
1311 1434 1424 1475 carnem
1447 1418 1593 1490 compellat
1611 1420 1771 1475 renuntiare
1794 1420 1992 1489 uoluptatibus,

1199 1511 1364 1581 spirituique
1378 1510 1518 1566 humiliter
1531 1510 1663 1565 ancillari.
1678 1511 1788 1567 Utinam
1803 1519 1891 1568 status
1904 1527 1991 1580 naeus,

1199 1615 1405 1671 pauperumque
1420 1601 1466 1672 qni
1487 1617 1595 1657 mecum
1616 1602 1734 1657 militant
1753 1602 1851 1659 studiis
1865 1612 1993 1659 versetur

1201 1687 1337 1754 ritalibus,
1353 1698 1382 1743 ut
1397 1698 1424 1743 et
1439 1697 1465 1743 ιιι
1480 1690 1611 1760 gaudeas,
1626 1702 1686 1743 crrm
1701 1689 1831 1755 audieris,
1847 1692 1893 1759 qui
1911 1692 1993 1762 liuius

1200 1782 1238 1835 rci
1255 1782 1382 1836 notitiam
1407 1781 1575 1851 inquirebas.
1596 1780 1768 1837 Collaetarnur
1791 1784 1928 1853 quotidie,
1942 1784 1992 1849 lili,

1201 1873 1306 1942 fatigati
1330 1874 1467 1944 pressuris
1493 1874 1667 1944 ingentibus,
1697 1885 1736 1938 et,
1760 1876 1831 1930 sicut
1856 1875 1941 1931 babet
1965 1890 1994 1930 sc

352 1967 498 2022 distortum
509 1977 550 2023 est
573 1968 658 2034 istud,
677 1982 705 2025 eg
727 1986 741 2024 a
761 1970 855 2040 regula
875 1972 947 2041 juras
966 1981 994 2027 eq
1013 1973 1084 2041 aeqqi
1106 1987 1148 2028 fg.
1164 1956 1185 2015 tt
1200 1965 1336 2018 mundana
1360 1965 1495 2029 varietas,
1519 1965 1606 2019 multo
1629 1964 1781 2020 discrimini
1806 1965 1993 2036 sulrjaremus.

352 2058 446 2113 siliens
470 2059 595 2116 homiues
623 2061 766 2116 henricum
789 2062 848 2118 steri
874 2063 1003 2133 judiees,
1027 2072 1054 2118 et
1078 2079 1146 2132 pene

352 2147 494 2202 uniuersos
516 2148 604 2205 sideri
620 2157 715 2206 contra
727 2150 862 2220 justitiam
878 2154 1068 2222 conspirasse!
1091 2154 1148 2208 Au·

352 2244 455 2292 ctorem
471 2253 551 2294 suurn
564 2240 684 2307 judicem
698 2241 860 2297 saeculorum
873 2256 923 2297 suo
936 2241 1000 2310 iure
1015 2242 1145 2311 spoliant,

351 2336 379 2381 ct
392 2343 458 2384 ausu
481 2331 627 2387 teruemrio
640 2330 719 2399 eujus
729 2331 861 2403 judicium
876 2347 929 2387 uon
943 2344 1062 2403 possunt
1075 2332 1145 2388 edu·

352 2434 427 2490 gere,
445 2420 568 2475 nituntur
588 2420 723 2489 justitiam
752 2425 910 2479 exturbare.
933 2424 996 2481 lude
1015 2425 1147 2497 estquod

351 2522 455 2577 corpus
470 2511 660 2577 immunditia,
680 2521 797 2568 mentem
812 2514 945 2584 superbie
959 2516 1146 2586 jurisdictioni

344 2598 518 2666 artificium,
534 2611 562 2657 et
576 2604 627 2659 sub
639 2604 767 2661 uitiorum
788 2608 931 2680 tyrannide
948 2610 1072 2665 serviunt
1095 2611 1146 2666 uti-

350 2690 502 2756 serabiles,
519 2694 564 2761 qui
580 2694 631 2749 snb
654 2711 717 2766 rege
735 2698 867 2753 virtutum
883 2708 1010 2768 poterant
1030 2715 1146 2771 regnare

351 2779 458 2838 lelices.
484 2783 566 2841 Vides
587 2786 646 2856 jam
660 2787 723 2856 quia
737 2790 846 2845 exsulat
866 2790 991 2854 castitas,
1005 2790 1147 2847 lturnilitas

351 2886 466 2942 peregre
479 2876 556 2941 abiit,
573 2878 686 2934 recessit
704 2880 822 2950 justitia,
841 2880 946 2951 ablugit
959 2882 1038 2947 lldes,
1064 2883 1145 2937 relri·

350 2965 411 3030 guit
435 2966 574 3033 charitasa
597 2977 645 3033 et,
670 2970 825 3041 iniquitatis
851 2975 951 3045 ubique
975 2978 1148 3046 superabun-

350 3054 433 3109 dante
446 3055 560 3122 dilnvio,
574 3059 643 3113 iutra
658 3060 824 3119 domesticos
837 3064 898 3119 caeli
913 3067 1031 3135 parietes
1043 3068 1145 3124 veritas

349 3159 380 3200 se
395 3148 506 3216 recepit.
521 3149 677 3221 Plangenda
705 3168 824 3224 natuque
838 3165 960 3226 tempora
977 3167 1079 3223 uestra,
1095 3159 1143 3213 de·

349 3235 477 3308 lendique
490 3251 554 3296 snat
568 3245 753 3311 generationis
767 3247 847 3315 lmins
864 3246 1066 3314 nominasent,
1081 3264 1142 3305 euru

351 3325 411 3383 lere
434 3344 530 3386 omnes
553 3334 679 3402 peritiam
700 3336 783 3405 juris,
809 3337 851 3392 vel
873 3349 1009 3408 quaerant,
1031 3339 1073 3394 vel
1097 3341 1147 3396 lra-

349 3417 451 3487 bcaut,
475 3418 546 3487 juris
571 3430 661 3478 tarmen
698 3426 903 3483 observantiam
932 3431 1145 3500 parvipendunt.

315 3540 318 3547 -
350 3507 436 3566 ludes
454 3514 616 3569 saeculorum
639 3517 740 3586 ubique
760 3519 887 3588 injuriam
909 3524 1025 3591 patitur,
1041 3539 1093 3580 uec
1113 3526 1147 3581 de

347 3601 514 3674 jurisperitis
532 3606 653 3665 invenies
674 3610 806 3680 aliquem,
818 3614 863 3683 qui
878 3630 909 3671 se
926 3616 953 3671 in
966 3618 1073 3673 eoetestt
1087 3617 1145 3686 jam

349 3695 480 3751 esbibcat
504 3700 677 3756 advocarunt.
700 3701 802 3761 Omnes
818 3705 840 3760 si
862 3708 997 3776 dederint,
1015 3711 1097 3766 etiam
1117 3713 1144 3766 in

349 3782 458 3853 injustis
469 3789 561 3845 caruis
584 3790 683 3845 tnrdtos
700 3793 846 3851 arlvoeatos
870 3799 1012 3855 inveniunt
1036 3818 1043 3855 ι
1067 3802 1144 3858 solus

350 3876 488 3944 cbristus,
514 3879 578 3936 licet
597 3882 634 3936 sit
657 3883 736 3940 dator
761 3888 895 3953 omnium,
920 3906 982 3946 cunt
1008 3893 1042 3948 sit
1060 3909 1144 3950 cansa

349 3965 409 4035 cius
419 3966 587 4036 iustissima,
606 3970 708 4030 habere
724 3975 841 4046 aliquem
859 3995 913 4035 nou
930 3992 1063 4040 atteretur.
1078 3984 1145 4039 Ubi·

347 4074 401 4128 qne
424 4075 525 4130 spunsa
540 4065 599 4135 ejus
615 4067 790 4138 opprimitur,
816 4072 1022 4143 blasphematur
1039 4077 1095 4145 ipsc
1108 4080 1144 4135 ab

346 4153 487 4220 ourrribus,
498 4171 647 4226 pauperes,
663 4161 790 4231 orphani,
808 4165 906 4228 viduae,
923 4167 1142 4234 praetenturam

346 4241 413 4297 lacti
439 4256 513 4308 sunt,
537 4263 588 4303 nee
611 4248 676 4313 illis,
698 4260 745 4305 aut
764 4252 835 4320 iuris
857 4259 944 4312 nostri
968 4261 1076 4327 peritia,
1097 4273 1144 4317 aut

347 4332 440 4403 legum
463 4337 590 4392 saltrenit
605 4340 759 4410 disciplina,
783 4345 816 4400 de
831 4346 943 4403 iullaute
957 4350 1071 4405 scientia
1091 4353 1143 4408 soli

347 4425 500 4482 inservitur
526 4434 652 4498 quaestui,
681 4434 825 4506 solumque
851 4449 963 4495 sentosa
992 4441 1144 4512 loquacitas

349 4521 470 4588 requirit
483 4525 658 4580 commodum
677 4529 800 4598 pecuniae
815 4529 857 4584 vel
876 4531 998 4590 lionoris.
1013 4534 1143 4592 Videmus

1198 2054 1389 2111 Transiretarc
1405 2056 1515 2124 quidem
1531 2056 1667 2126 cupimus,
1682 2058 1729 2112 sed
1745 2057 1771 2109 in
1786 2057 1994 2112 incertitudinis

1199 2147 1281 2216 ltrtjus
1297 2146 1393 2217 pelago
1409 2147 1568 2217 quotidiana
1584 2155 1731 2218 tempestas
1744 2149 1880 2215 exoritur,
1895 2161 1923 2203 et
1939 2136 1995 2203 nisi

1199 2240 1356 2295 misericors
1365 2238 1445 2295 lesus
1463 2254 1572 2293 uranum
1588 2239 1637 2309 pin
1650 2240 1799 2309 ereptionis
1821 2240 1995 2306 csterulerit,

1198 2332 1245 2385 rix
1270 2332 1304 2386 ad
1327 2338 1436 2401 portum
1462 2329 1615 2399 poterimus
1637 2337 1759 2385 enatare.
1784 2328 1855 2386 Ecce
1876 2330 1927 2385 ista
1952 2338 1996 2385 est

1198 2423 1315 2478 scientia
1331 2421 1643 2491 pernraxtora31aorrqrre
1658 2421 1713 2475 diti
1733 2420 1858 2491 superius
1873 2421 1995 2479 visibilia

1198 2513 1250 2569 ista
1276 2513 1355 2568 nobis
1375 2527 1436 2567 esse
1458 2513 1644 2581 contemptui,
1661 2510 1724 2581 quia
1739 2518 1802 2566 sunt
1824 2512 1949 2581 periculo
1967 2521 1996 2567 et

1199 2603 1294 2659 labori.
1320 2600 1490 2657 confidimns
1516 2610 1617 2665 tamen,
1641 2602 1705 2670 quia
1730 2602 1776 2671 qui
1800 2601 1886 2667 dedit,
1907 2602 1995 2657 etiarn

1197 2694 1337 2765 proposito
1350 2693 1455 2748 militiae
1468 2694 1702 2762 perseverantiam
1718 2708 1771 2748 uon
1788 2693 1906 2762 negabit.
1924 2692 1995 2748 Ora-

1200 2788 1304 2841 tionum
1330 2794 1486 2841 nostrarum
1509 2785 1600 2855 petisti
1623 2784 1762 2855 suffragia,
1778 2785 1826 2839 sed
1840 2775 1868 2839 el
1891 2787 1998 2840 rescri-

1197 2885 1271 2945 ptnm
1297 2884 1419 2930 uostruur
1433 2876 1529 2932 ‹lerote
1543 2884 1570 2931 et
1586 2876 1725 2931 ltunriliter
1740 2875 1903 2944 postulastis
1917 2878 1990 2945 peti-

1198 2968 1238 3020 tio
1253 2976 1297 3019 tna
1315 2966 1341 3018 in
1356 2974 1470 3035 utroque
1493 2965 1618 3021 cliectum
1635 2968 1761 3030 obtinuit,
1777 2966 1828 3021 nisi
1843 2967 1914 3035 quod
1940 2967 1988 3021 lit-

1199 3069 1266 3113 terae
1292 3074 1358 3113 ruem
1382 3058 1498 3115 forsitan
1523 3059 1556 3113 ad
1579 3067 1605 3115 te
1628 3061 1743 3131 gratiam
1766 3076 1818 3115 non
1840 3060 1993 3115 lrabebunt.

1195 3148 1322 3204 Prolisus
1347 3151 1419 3204 enim
1438 3161 1466 3206 et
1486 3152 1570 3208 durus
1604 3168 1663 3207 sum
1698 3154 1769 3221 quod
1788 3161 1933 3221 utrumque
1955 3151 1996 3205 le·

1199 3253 1303 3297 ctorem
1318 3244 1387 3298 solet
1405 3243 1553 3305 ud'cndere.
1566 3245 1616 3301 nisi
1633 3259 1676 3299 nte
1691 3245 1762 3314 apud
1778 3244 1896 3299 amicum
1916 3243 1996 3299 zelus

1199 3334 1343 3390 charitatis
1354 3347 1477 3392 excuset.
1499 3336 1572 3392 Vale.

1458 3446 1624 3503 pulsabas
1646 3447 1729 3503 xstt.

1369 3553 1404 3592 ιιι
1423 3553 1515 3592 struat
1538 3553 1649 3592 ιιιιιτιιιι
1668 3553 1816 3593 onerosas.

1197 3626 1298 3684 Prodat
1315 3638 1436 3682 serratum
1448 3627 1733 3752 linrtitrrqqqqqrostoiir
1748 3629 1860 3684 sintilcm
1873 3647 1994 3704 congrue

1242 3791 1374 3848 Omnibus
1397 3788 1428 3842 tt.
1454 3789 1562 3844 llartiui
1587 3793 1746 3848 meritoriam
1767 3794 1812 3864 pie
1833 3802 1997 3858 veneranti.

1194 3882 1246 3939 bus
1259 3882 1392 3956 (salom
1410 3882 1479 3937 iuter
1492 3893 1664 3939 veneratores
1680 3885 1739 3955 ejus
1757 3891 1884 3963 exiguus,
1900 3892 1996 3954 Patris

1197 3974 1322 4045 ejusdem
1339 3973 1461 4042 uestigiis
1480 3973 1623 4029 inbaercre.

1243 4064 1392 4135 Plerosque
1413 4064 1594 4120 scarrdalizari
1623 4064 1721 4134 andiu,
1749 4071 1813 4140 qnia
1840 4071 1993 4132 blartinum

1196 4167 1320 4211 nostrum
1340 4170 1433 4225 parcnt
1451 4158 1582 4226 apostolis
1600 4169 1694 4215 catrtct
1709 4170 1735 4215 et
1750 4162 1882 4233 glorietur
1895 4164 1993 4222 Eccle-

1195 4249 1248 4312 sia,
1262 4265 1322 4319 qnae
1339 4248 1447 4303 blartiui
1471 4250 1529 4306 laus
1545 4250 1601 4307 lere
1617 4254 1719 4323 ubique
1744 4266 1878 4312 terraraun
1897 4259 1925 4313 in
1941 4276 1992 4316 ore

1196 4351 1317 4408 respirat,
1338 4342 1455 4398 nranime
1474 4344 1501 4397 in
1518 4344 1570 4400 illis
1588 4345 1666 4411 locis,
1681 4349 1727 4404 ubi
1745 4349 1879 4405 celebrius
1894 4361 1923 4407 et
1939 4352 1990 4408 de·

1196 4435 1285 4489 sotius
1310 4432 1370 4501 ejus
1396 4435 1527 4490 sanctitas
1554 4437 1705 4493 bonoratur
1726 4457 1734 4494 r
1757 4443 1828 4495 unde
1852 4445 1989 4513 propositi

1195 4527 1248 4581 ruci
1271 4534 1314 4581 est
1333 4526 1444 4582 blartini
1469 4528 1614 4586 confutare
1639 4533 1762 4600 aemulos,
1786 4535 1990 4595 obtrectatores

346 4609 381 4664 sd
394 4611 570 4684 jurisperitos
582 4616 728 4687 dignitates
742 4629 770 4677 ct
785 4620 856 4676 bona
872 4624 988 4680 transire
999 4624 1141 4695 Ecclesiae,
1158 4632 1181 4686 [ι
1196 4621 1334 4691 berwini,
1348 4624 1382 4678 ab
1397 4637 1430 4679 eo
1447 4625 1542 4694 utique
1562 4626 1713 4697 implorans
1735 4626 1831 4681 auxilii
1854 4630 1988 4698 gratiam,

345 4710 374 4759 et
396 4706 494 4761 mirum
520 4708 547 4762 io
572 4711 693 4778 monum,
719 4728 780 4769 cum
802 4729 851 4771 eos
874 4718 949 4786 sequi
969 4720 1136 4777 (ja-ocium„
1193 4727 1276 4784 atquo
1290 4714 1336 4770 ille
1351 4717 1477 4786 accipere
1492 4719 1590 4774 meruit
1606 4731 1635 4774 ut
1655 4735 1703 4791 par
1717 4732 1789 4777 esset
1805 4732 1832 4778 et
1846 4723 1988 4779 diceretur

345 4793 456 4862 pudeat,
471 4813 603 4870 usurpare
615 4800 744 4859 Crucibxi
760 4808 953 4877 patrimonium
970 4827 1022 4866 nou
1038 4829 1137 4869 scren·
1188 4807 1329 4876 apostolis.
1349 4807 1505 4879 Spiritualis
1520 4814 1621 4882 qnippe
1635 4817 1730 4884 gratiae
1745 4815 1833 4869 virum
1852 4817 1987 4872 tlortatmn
2042 4848 2046 4857 ·

347 4895 401 4940 tur.
417 4888 590 4945 lisseorauda
609 4909 721 4962 prorsus
741 4899 850 4966 abusio,
867 4914 897 4955 nt
913 4915 1015 4973 quanto
1035 4906 1061 4960 iu
1075 4907 1138 4976 jure

346 4976 490 5044 peritiores
509 4981 674 5050 exstiterint,
693 4996 769 5043 tanto
782 4978 999 5050 iuteraia'nturad
1011 4995 1082 5063 juris
1095 5000 1137 5053 iu·

343 5061 443 5132 iuriam
460 5072 653 5141 promptlorcs.
678 5075 827 5137 Verborum
852 5083 1070 5143 cavillationibus
1085 5104 1137 5160 po·

348 5164 437 5212 tentes
459 5169 533 5229 sucu,
546 5172 574 5217 et
592 5164 664 5220 docti
683 5169 716 5222 ad
731 5171 938 5230 subversionem
959 5176 1066 5247 judicii,
1090 5189 1138 5235 aut

346 5248 459 5316 irttpiurn
473 5250 625 5320 justificare
639 5272 688 5328 pro
704 5263 874 5332 muneribus,
889 5277 937 5323 aut
952 5269 985 5326 rie
1005 5270 1137 5341 iujnstitia

346 5342 509 5400 cortviucere
531 5346 716 5405 innocentem.
737 5353 845 5410 Utinam
861 5367 899 5424 tn,
915 5359 1086 5425 clrarissirnc,
1103 5366 1138 5419 ob

345 5426 416 5498 juris
428 5431 641 5506 observantiam,
656 5456 765 5510 quaeras
776 5444 846 5513 juris
864 5450 1017 5514 scientiam,
1032 5461 1060 5505 ut
1074 5467 1137 5506 eum

347 5520 383 5576 rie
400 5524 575 5594 ademptione
586 5530 656 5599 iuris
668 5532 741 5601 juste
760 5538 872 5606 riseris,
890 5541 919 5596 iu
936 5541 1057 5597 coelestis
1067 5540 1138 5610 juris

350 5607 458 5676 regulas
474 5611 611 5674 offendere
629 5621 817 5682 corrinudaris.
840 5625 896 5684 lloc
914 5630 967 5684 erit
984 5632 1072 5686 oleum
1087 5629 1139 5686 liu·

386 5805 424 5879 (3)
438 5810 499 5870 llaec
515 5817 630 5886 epistola
645 5830 735 5876 exstat
756 5823 782 5878 iu
795 5824 958 5882 Bibliotheca
969 5830 1138 5887 cluniacensi

351 5878 410 5952 sub,
424 5886 533 5941 nornine
554 5889 641 5944 sarreti
662 5889 766 5951 Odouis
790 5897 874 5966 edita,
896 5899 1139 5979 ubiQuereotarrus

1189 4897 1275 4968 gloria
1300 4901 1431 4968 apostolis
1456 4904 1604 4971 parificare
1625 4907 1724 4974 potuit,
1741 4917 1767 4962 et
1783 4906 1878 4976 procul
1901 4907 1988 4962 dubio

1189 5005 1283 5058 parem
1302 4991 1367 5046 lecit
1382 4992 1427 5063 qui
1450 4994 1526 5049 solus
1545 4997 1668 5051 existens
1686 4998 1909 5068 incomparabilis
1925 4999 1987 5053 siue

1189 5083 1985 5157 cutttparatiottesuntmttscst,cujuspatexuboratomnetn

1190 5186 1312 5228 sensum.
1327 5174 1460 5231 &terum
1475 5192 1507 5232 ea
1523 5193 1584 5246 quau
1600 5177 1669 5231 inira
1685 5194 1747 5234 curn
1759 5190 1822 5235 sunt
1838 5192 1986 5248 quantutu-

1190 5263 1255 5318 iibet
1273 5280 1304 5320 ea
1319 5277 1424 5322 naturae
1446 5283 1502 5322 sum
1519 5270 1639 5340 dignitas
1659 5272 1701 5326 rel
1719 5273 1827 5326 lrnrtitas
1840 5271 1984 5328 Crantoris

1190 5357 1337 5423 extulerit,
1359 5374 1414 5414 non
1438 5361 1576 5431 refugiunt
1596 5363 1724 5432 paritatis
1747 5366 1931 5429 consortium,
1952 5375 1982 5421 et

1190 5451 1253 5518 qnia
1283 5452 1402 5507 instituit
1425 5453 1582 5512 conditoris
1608 5459 1773 5522 aucteritas,
1799 5476 1851 5513 non
1878 5460 1983 5516 inridet

1190 5542 1348 5597 corruuunio
1371 5543 1526 5600 charitatis.
1551 5544 1620 5613 Quid
1643 5549 1726 5618 igitur
1743 5559 1771 5603 ut
1787 5549 1917 5605 llartinus
1932 5565 1982 5616 pat·

1191 5634 1324 5703 apostolis
1340 5645 1411 5692 esset
1425 5637 1484 5693 steri
1498 5639 1605 5708 potuit?
1625 5643 1668 5697 Αιι
1684 5658 1736 5698 nou
1749 5644 1857 5714 potuit?
1880 5643 1909 5697 Si
1925 5657 1979 5697 non

1190 5835 1319 5892 observat
1344 5855 1409 5898 mss.
1437 5838 1546 5899 codices
1562 5841 1657 5899 adami
1683 5858 1735 5900 nou
1752 5842 1854 5901 Odonis
1879 5854 1987 5901 nomast

1190 5905 1329 5978 praeferre.
