4425 6450
223 437 279 495 ιιι
672 432 942 494 snnrsurtnttutr
963 429 1053 492 ntum
1070 433 1237 505 aurnuns.
1258 464 1293 476 -
1312 439 1375 492 tro.
1400 412 1431 493 ι)
1815 444 1868 499 ιιι

222 551 300 616 liter,
315 548 379 619 quia
396 546 494 604 modus
518 545 656 604 existendi
678 546 715 602 tut
736 555 842 603 tautum
856 558 1022 616 remoretur,
1038 550 1155 618 AQuod
1170 550 1243 606 euim
1261 550 1319 606 irae
1335 551 1372 605 sit
1386 565 1448 605 tera
1461 550 1570 621 justitia
1587 553 1645 625 ejus
1665 569 1718 611 nou
1738 556 1824 628 exigit
1840 570 1871 614 ut

222 641 333 700 scilicet
348 639 421 712 qnod
437 655 491 696 nott
505 640 707 697 itaiucioditnr
721 642 1019 702 iocosicutcreatura.
1073 643 1159 701 iaciat
1181 643 1232 700 uisi
1256 646 1330 714 qnod
1356 643 1433 711 iacit,
1454 654 1527 714 patet
1553 660 1602 718 per
1624 648 1868 704 coutradlctoriam

223 734 323 792 dicum
333 748 400 804 ergo
413 732 497 789 Deum
511 731 565 789 dici
577 734 805 803 omnipotentem,
819 749 873 790 uon
888 735 952 806 quia
964 750 1022 792 om·
1073 753 1135 809 rguae
1146 747 1188 793 εει
1201 737 1280 794 tatsr.
1294 736 1405 794 iustitia
1421 740 1480 810 ejus
1493 739 1578 812 exigit
1590 740 1678 809 ipsum
1694 741 1784 799 iacere
1795 743 1869 814 qumi

222 827 270 884 nia
286 827 389 897 possit,
407 829 455 883 sed
474 827 537 898 quia
554 835 645 896 potest
662 827 795 898 quidquid
809 828 878 894 ruit,
894 839 925 883 ut
940 828 1023 884 trudit
1074 845 1128 886 uon
1147 829 1223 886 iacit.
1246 831 1322 897 item,
1340 831 1412 888 Deus
1440 847 1495 888 uon
1521 842 1612 903 potest
1635 832 1740 898 iacere,
1764 835 1817 891 nisi
1841 835 1870 890 id

222 918 394 990 Augustinus
417 918 475 988 (50)
498 936 505 972 :
524 918 725 988 r0umtpotens
749 919 955 990 diciturgiieus,
969 935 1021 976 uou
1074 924 1148 993 quoti
1164 923 1245 979 debet
1264 922 1364 979 iacere.
1379 922 1433 979 Sed
1449 924 1506 995 ipse
1527 924 1595 979 uiitii
1616 924 1707 981 iacere
1720 925 1801 982 debet
1816 928 1868 982 uisi

222 1012 289 1081 quia
304 1010 395 1065 omnio
408 1012 506 1081 possit,
523 1010 570 1066 sed
588 1012 651 1081 qnia
666 1020 756 1082 potest
767 1011 876 1069 efficere
889 1012 1022 1083 quidquid
1074 1014 1101 1071 td
1113 1014 1184 1085 qttod
1199 1014 1257 1086 ipse
1275 1013 1356 1070 iacit.
1370 1013 1450 1080 item,
1466 1016 1538 1071 Deus
1553 1027 1600 1070 aot
1616 1015 1698 1072 debet
1716 1018 1868 1085 dimittere,

225 1102 341 1172 mittito
355 1103 484 1158 utnuitrts
497 1104 556 1172 ejus
567 1104 699 1159 rotuutatt
712 1104 947 1175 possitresistere,
961 1120 1022 1175 quae
1074 1115 1122 1161 aut
1144 1120 1198 1160 non
1215 1104 1296 1160 debet
1318 1106 1456 1161 dimittere
1473 1108 1498 1161 id
1514 1108 1585 1177 quod
1601 1107 1725 1166 dimittit.
1744 1107 1772 1164 Si
1791 1111 1869 1167 dicas

225 1196 284 1267 ipse
300 1203 353 1251 est.
368 1214 378 1248 ι
395 1195 471 1264 Quod
485 1204 515 1250 ut
529 1196 702 1253 manifestius
716 1197 774 1251 irat.
1073 1200 1146 1269 qumi
1159 1197 1260 1254 debet:
1275 1212 1341 1268 ergo
1355 1212 1409 1253 nou
1434 1196 1518 1254 dehet
1533 1199 1626 1257 iacere
1650 1203 1722 1271 quod
1744 1204 1867 1263 dimittit.

261 1287 419 1359 Notaquod
433 1290 485 1346 duo
500 1292 681 1346 attenduntur
695 1290 722 1346 in
742 1292 794 1361 17
815 1290 863 1347 Dei
880 1273 1014 1362 potentia,
1073 1290 1109 1345 ttt
1125 1303 1179 1343 nou
1202 1298 1294 1359 potest
1316 1288 1408 1344 iacere
1428 1290 1500 1358 quod
1522 1305 1578 1345 uon
1601 1290 1696 1360 debet;
1713 1293 1798 1364 igitur
1815 1314 1868 1353 nou

224 1397 343 1455 qnorum
356 1397 439 1436 utrum
457 1392 499 1438 est
513 1385 586 1453 quod
601 1385 659 1455 ipse
675 1393 763 1456 potest
781 1385 873 1441 iacere
886 1382 1020 1455 quidquid
1073 1390 1166 1453 potest
1195 1381 1288 1438 iacere
1314 1382 1389 1452 quod
1412 1381 1537 1439 dimittit.
1563 1384 1602 1440 tte
1629 1385 1732 1456 reliqua
1761 1398 1870 1445 constat

225 1476 296 1541 volt,
311 1475 428 1531 atterum
443 1475 517 1545 quod
543 1475 611 1530 nihil
635 1477 749 1533 omuino
774 1477 879 1547 patitur
892 1474 961 1548 (51).
981 1474 1021 1531 Ex
1073 1473 1146 1541 quod
1165 1473 1202 1526 rit
1223 1472 1303 1537 salsa.
1330 1472 1437 1529 scitieet
1459 1475 1530 1530 deos
1546 1490 1601 1531 nott
1624 1477 1705 1535 debet
1728 1478 1870 1537 dimittere

224 1569 326 1641 quibus
347 1568 455 1624 duobus
479 1567 626 1624 coniicitur
654 1571 776 1637 tertium,
805 1569 912 1627 sotttret
933 1570 1021 1642 ipsum
1073 1564 1147 1635 quod
1164 1562 1289 1619 dimittit.

224 1678 309 1735 posse
322 1661 414 1718 iacere
428 1677 489 1733 qnae
510 1676 589 1734 posse
613 1672 656 1718 est
673 1662 807 1733 potentia.
824 1662 862 1717 Ea
881 1678 946 1718 tero
961 1678 1022 1733 qna,
1111 1654 1152 1710 td
1164 1656 1221 1710 hacc
1233 1658 1325 1711 omitia
1342 1671 1395 1711 uua
1412 1667 1455 1714 est
1470 1666 1498 1713 ει
1514 1657 1573 1714 iere
1585 1661 1739 1716 communis
1755 1661 1868 1732 locutio,

224 1769 308 1828 posse
326 1762 369 1810 εει
382 1754 523 1827 potentias,
546 1765 609 1810 sunt
630 1753 731 1825 unibus
753 1753 800 1809 ttet
823 1752 952 1823 maiestas
968 1768 1022 1809 nort
1074 1748 1196 1803 adlriitita
1215 1751 1291 1820 prius
1306 1749 1358 1805 itac
1371 1750 1562 1815 distinctione,
1579 1753 1653 1822 quod
1669 1752 1741 1811 neus
1756 1754 1810 1811 aiia
1824 1771 1871 1811 ra·

225 1845 351 1911 iaeditur3
366 1845 438 1916 quod
453 1844 555 1901 dicitur
567 1854 681 1916 propter
697 1853 819 1915 peccata,
836 1859 886 1900 nec
901 1843 961 1911 ejus
974 1860 1023 1900 etr-
1074 1841 1149 1895 tione
1162 1840 1261 1897 dicitur
1284 1842 1382 1909 botrus,
1404 1853 1432 1899 et
1456 1842 1511 1898 alia
1535 1845 1644 1900 ratione
1667 1845 1760 1903 homo.
1778 1846 1866 1901 iiomo

225 1937 356 1995 cellentia
382 1937 516 1993 minuitur
541 1936 614 2007 quod
640 1935 745 1992 dicitur
759 1946 872 2008 propter
887 1936 1020 1991 deiectus.
1039 1913 1147 1988 Beuim
1170 1931 1270 1989 dicitur
1293 1934 1381 1991 bouus
1400 1945 1515 2006 propter
1528 1951 1611 2006 opera
1629 1937 1698 1992 troua
1715 1953 1776 2007 quae
1790 1937 1869 2002 iacit.

225 2027 336 2085 Dicitur
349 2042 416 2098 ergo
434 2029 507 2084 Deus
520 2027 709 2098 omnipotens,
727 2027 791 2097 quia
815 2037 906 2098 potest
929 2025 1021 2082 omnia
1074 2041 1135 2103 quae
1149 2026 1296 2083 informata
1314 2035 1380 2083 suot
1398 2027 1544 2084 charitate.
1559 2028 1631 2085 Deus
1644 2038 1738 2085 autem
1756 2046 1810 2087 uon
1827 2032 1870 2086 di·

224 2136 289 2192 quae
303 2136 383 2193 posse
400 2130 442 2177 est
462 2120 608 2192 potentiae;
632 2118 680 2175 sed
693 2119 766 2189 quod
781 2118 852 2176 Deus
866 2118 892 2173 iu
908 2135 957 2175 sua
978 2133 1022 2175 es·
1073 2119 1147 2175 citur
1159 2118 1248 2175 bouus
1266 2128 1378 2190 propter
1389 2134 1473 2191 opera
1487 2122 1569 2178 bona.
1584 2119 1641 2175 into
1656 2137 1739 2192 opera
1754 2121 1813 2191 ejus
1829 2124 1871 2178 di·

224 2214 318 2271 sentia
343 2220 436 2284 posset
455 2212 542 2284 loqui,
568 2210 726 2277 comedere,
749 2219 778 2267 et
794 2208 949 2279 hujusmodi
967 2225 1021 2266 nort
1074 2219 1176 2267 cuntur
1191 2211 1273 2279 bona,
1297 2213 1426 2282 eoquod
1448 2212 1507 2283 ipse
1529 2213 1578 2285 qui
1601 2228 1665 2271 tere
1679 2214 1871 2270 estbouusea

225 2312 271 2362 est
286 2304 428 2375 potentie,
443 2302 506 2372 (turia
523 2302 602 2371 quasi
624 2299 749 2356 deiectus
770 2299 898 2355 ridentur
911 2300 938 2355 in
955 2299 1021 2369 Deo,
1074 2303 1158 2369 iacit;
1173 2303 1282 2359 sienim
1298 2303 1355 2374 ipse
1375 2320 1435 2376 que
1449 2316 1514 2361 suut
1530 2305 1601 2361 maia
1617 2305 1733 2375 iaceret,
1748 2305 1790 2362 tel
1810 2321 1871 2377 quae

226 2395 310 2453 sitris
324 2402 428 2465 egeret,
444 2401 472 2448 ει
486 2393 668 2448 iustrumenta
682 2391 783 2463 quibus
798 2399 952 2456 exerceret,
970 2391 1022 2446 ita·
1073 2396 1096 2452 si
1118 2396 1217 2451 iterent
1235 2396 1270 2451 ab
1295 2396 1454 2452 hominibus
1479 2408 1573 2453 essent
1595 2402 1677 2465 urata,
1699 2406 1790 2454 tamen
1815 2412 1871 2453 nott

225 2485 304 2542 beret
322 2485 348 2539 in
370 2498 423 2554 quo
441 2483 499 2551 ejus
520 2482 682 2538 excellentia
700 2482 883 2538 minueretur.
905 2481 934 2537 in
950 2497 1022 2552 prae·
1073 2486 1214 2544 diceretur
1224 2487 1295 2542 maia
1310 2501 1393 2557 opera
1408 2488 1512 2545 iacere.
1529 2490 1586 2544 imo
1596 2504 1631 2545 ea
1647 2505 1708 2561 quae
1721 2499 1786 2545 sont
1797 2488 1868 2544 bona

225 2580 303 2636 dieta
321 2578 406 2649 igitur
429 2574 596 2630 auctoritate
619 2575 763 2645 Augustini
790 2573 847 2646 (52)
867 2587 921 2630 tam
947 2573 1023 2647 large
1073 2595 1135 2651 quae
1149 2588 1215 2635 tuuc
1231 2579 1514 2649 dicerenturpropter
1530 2589 1670 2636 auctorem
1687 2580 1800 2649 bonum,
1815 2583 1871 2637 sci·

225 2675 368 2744 accipitur
388 2673 441 2729 itoc
466 2688 566 2728 nomen
590 2672 693 2738 omnia,
718 2681 748 2727 ut
763 2673 979 2743 comprehendat
992 2681 1023 2730 et
1073 2670 1140 2727 licet
1154 2670 1250 2727 Deum.
1264 2669 1332 2725 Cum
1346 2685 1413 2742 ergo
1426 2669 1537 2739 dicitur,
1556 2672 1628 2728 Deus
1644 2688 1699 2729 uon
1721 2683 1814 2746 potest
1826 2675 1870 2729 ia·

223 2769 362 2835 deiectus,
374 2778 401 2824 et
412 2777 535 2838 peccata,
548 2769 593 2823 uiti
607 2768 707 2824 dicitur
720 2769 791 2825 Deus
797 2783 879 2841 posse
891 2770 1022 2840 quidquid
1073 2779 1151 2833 cere,
1166 2764 1218 2820 nisi
1231 2766 1305 2835 quod
1326 2765 1427 2820 hortum
1442 2765 1531 2821 estab
1543 2765 1658 2831 eodeni,
1673 2766 1695 2822 si
1711 2767 1752 2823 sic
1768 2767 1870 2824 inteili-

223 2859 297 2923 suit,
311 2875 374 2914 cum
388 2870 478 2915 tameo
492 2859 579 2930 possit
593 2861 676 2915 etiam
689 2859 782 2915 iacere
795 2861 868 2930 qood
883 2875 936 2915 nou
953 2860 1020 2917 vuit.
1074 2873 1124 2929 gas
1143 2858 1441 2931 percompositiottem.
1456 2858 1484 2913 ld
1500 2874 1554 2913 nou
1567 2866 1655 2928 potest
1666 2858 1760 2916 iacere
1775 2861 1825 2917 nisi
1840 2861 1872 2917 id

225 2952 283 3009 Sed
306 2953 367 3007 ideo
385 2953 456 3009 istud
475 2952 629 3024 appositum
645 2961 698 3020 est,
721 2953 787 3023 quia
809 2951 920 3009 inerunt
936 2955 1023 3011 tratre·
1073 2948 1148 3022 quod
1161 2950 1263 3006 bonum
1276 2958 1359 3005 essct.
1375 2949 1404 3005 Si
1418 2949 1453 3004 ab
1468 2964 1501 3006 eo
1519 2950 1608 3017 tieret,
1624 2965 1720 3007 terum
1737 2960 1780 3008 est
1792 2952 1868 3024 (34);

227 3049 276 3105 tici
294 3048 341 3119 qui
361 3050 486 3104 dicerent
506 3048 591 3104 tteum
612 3048 715 3119 aliquid
731 3047 801 3105 velie
813 3047 886 3119 quod
903 3064 957 3104 nott
974 3062 1023 3120 po·
1073 3045 1096 3102 εἰ
1112 3058 1178 3099 tero
1194 3059 1243 3115 per
1256 3043 1419 3100 diuisionem
1433 3045 1481 3112 ita,
1498 3044 1570 3101 Deus
1586 3060 1640 3102 nou
1659 3058 1750 3118 potest
1766 3048 1869 3113 tacere,

228 3149 291 3204 test,
308 3141 351 3197 rei
374 3151 405 3196 ut
428 3142 554 3197 ostendat
578 3141 663 3197 Deum
686 3140 724 3196 nii
748 3140 852 3205 iacere,
877 3139 950 3213 quod
965 3156 1021 3198 non
1073 3139 1126 3195 nisi
1143 3139 1214 3209 quod
1231 3139 1332 3193 bouum
1350 3147 1406 3205 est,
1422 3138 1450 3194 id
1466 3147 1510 3194 est
1523 3137 1561 3193 nii
1577 3149 1670 3210 potest
1684 3138 1776 3195 iacere
1793 3141 1870 3210 qood

227 3234 295 3290 reiit
309 3236 418 3305 quaudo
437 3235 504 3290 iiiud
520 3234 598 3300 iacit,
619 3235 659 3290 tei
677 3243 706 3290 ut
722 3234 880 3307 assignetur
892 3235 1057 3329 diiiereu·c
1075 3248 1129 3289 nou
1142 3233 1178 3288 sit
1189 3234 1291 3289 bouum
1308 3232 1400 3298 modo,
1417 3231 1516 3289 iaistrm
1530 3242 1583 3291 est.
1599 3233 1656 3290 tuto
1670 3244 1760 3304 potest
1774 3233 1870 3291 iacere

228 3325 267 3382 tia
282 3326 431 3381 voiuntatis
442 3325 489 3380 liei
506 3325 705 3383 aduolrurtates
717 3328 871 3395 tromiuum,
883 3327 930 3400 qui
942 3331 1020 3401 ptura
1073 3327 1147 3398 quod
1171 3326 1272 3383 maium
1289 3337 1332 3383 εει
1352 3326 1444 3391 modo,
1467 3335 1494 3381 et
1508 3328 1580 3396 quod
1594 3327 1696 3382 matum
1707 3335 1783 3383 esset
1792 3326 1818 3382 si
1834 3327 1870 3384 ab

226 3417 324 3475 rotant
344 3433 427 3489 qurum
453 3419 571 3489 possint.
600 3419 674 3475 Deus
702 3428 794 3475 autem
822 3419 899 3490 plura
930 3427 1047 3491 potest¹
1073 3421 1239 3488 alioderet;
1263 3421 1323 3493 ipse
1336 3430 1427 3477 tamon
1444 3418 1467 3476 si
1486 3418 1717 3485 tacerentrouum
1737 3434 1809 3492 opus
1828 3418 1871 3474 ia-

227 3525 309 3581 guam
322 3511 399 3577 vetit,
418 3524 469 3566 uec
485 3511 545 3565 ideo
560 3509 822 3581 deusomnipotens
841 3511 944 3568 dicitur
956 3511 1022 3582 quia
1074 3521 1162 3570 ceret.
1186 3513 1225 3568 ita
1247 3520 1290 3569 est
1311 3512 1363 3568 itta
1386 3511 1607 3577 determinanda,
1624 3509 1696 3566 Deus
1709 3526 1764 3567 nou
1778 3519 1871 3583 potest

227 3607 320 3671 potest
332 3600 424 3655 unrrria
444 3615 505 3669 quat
529 3599 585 3654 vuit
602 3614 631 3655 se
647 3598 808 3666 facereret
827 3614 857 3655 se
871 3615 963 3672 posse,
979 3599 1022 3656 rei
1074 3605 1167 3663 iacere
1182 3605 1236 3661 uisi
1252 3604 1324 3674 guod
1337 3604 1513 3674 ejusjustitia
1529 3603 1614 3675 exigit
1628 3618 1691 3658 eum
1710 3604 1813 3659 tacere.
1825 3603 1871 3661 Si·

227 3693 309 3748 tede.
325 3692 391 3747 Nam
412 3701 523 3762 propter
539 3693 661 3747 eamdem
678 3707 802 3762 causam,
818 3692 957 3750 diceretur
972 3693 1023 3750 Pe·
1075 3699 1188 3767 militer,
1210 3714 1272 3754 cum
1288 3698 1400 3762 dicitur,
1419 3696 1489 3752 Deus
1512 3712 1566 3752 non
1590 3704 1682 3768 potest
1703 3695 1796 3752 iacer'e
1816 3695 1870 3753 nisi

227 3795 290 3842 trus
302 3785 488 3856 omnipotens,
511 3784 574 3853 qnia
589 3784 681 3839 omnia
697 3794 786 3856 potest
810 3785 902 3842 iacere
916 3802 977 3859 qttae
992 3802 1023 3844 se
1075 3789 1130 3861 18
1144 3790 1216 3862 qood
1231 3790 1324 3853 debet,
1339 3789 1366 3843 id
1382 3787 1567 3858 estnisiquod
1577 3786 1749 3854 conveniret,
1762 3786 1786 3842 si
1799 3786 1869 3844 tttod

227 3877 287 3932 tuit
301 3875 401 3942 iacere,
415 3875 458 3931 tel
471 3890 501 3929 se
513 3890 594 3946 posse
608 3884 656 3930 aut
668 3875 749 3943 veile,
774 3875 894 3946 alioquin
908 3893 963 3933 ttou
979 3891 1023 3935 es-
1073 3877 1179 3935 iaceret
1197 3876 1267 3949 (35).
1285 3876 1384 3934 ternu
1401 3877 1483 3933 dicis.
1922 3860 1925 3866 ¹

226 3977 271 4024 set
284 3970 392 4034 beatus,
412 3968 461 4024 sed
475 3969 538 4037 quia
559 3967 629 4022 Deus
647 3966 738 4021 omnia
758 3976 847 4037 potest
858 3966 1024 4040 tacereque
1110 3967 1179 4024 Nota
1192 3976 1281 4024 tamen
1297 3966 1475 4023 itoctrerbum
1507 3967 1587 4024 debet
1610 3966 1760 4038 improprie
1770 3967 1870 4024 deDeo

226 4059 288 4117 ruit
310 4058 382 4129 tisri,
398 4059 470 4130 gumi
486 4075 539 4114 uon
565 4058 692 4114 contenit
705 4057 799 4127 Petro,
818 4060 863 4130 qui
881 4059 936 4114 ruit
953 4076 1023 4133 prae·
1073 4062 1140 4127 dici,
1155 4070 1184 4117 et
1198 4061 1310 4118 terbum
1334 4073 1502 4115 venenosum
1527 4074 1588 4116 esse
1608 4059 1678 4133 (36).
1705 4060 1868 4139 iiettg,enim

227 4154 383 4212 destinatos
397 4153 515 4216 sairam.
532 4167 582 4209 uec
597 4169 645 4209 eos
659 4153 767 4209 saltare
785 4161 886 4223 potest.
1074 4161 1186 4210 nonest
1202 4152 1281 4207 notris
1296 4150 1414 4218 debitor,
1436 4150 1488 4207 uisi
1508 4149 1580 4206 forto
1597 4164 1631 4206 ex
1647 4151 1796 4222 promisso,
1818 4164 1870 4208 nos

264 4245 324 4302 Non
339 4256 430 4302 tamen
449 4248 501 4304 suit
515 4247 625 4304 silentio
641 4248 862 4320 praetereundum
879 4248 950 4318 quod
963 4249 1024 4320 qui·
1074 4255 1166 4301 tamen
1182 4242 1321 4300 debitores
1336 4258 1431 4298 sumus
1447 4255 1481 4297 ex
1493 4241 1653 4298 commisso.

227 4339 291 4394 dam
305 4340 465 4412 {idioticam
481 4341 563 4396 Deum
584 4341 650 4396 uitri!
674 4356 754 4412 posse
769 4339 860 4398 iacere
881 4341 932 4398 uisi
949 4343 1022 4411 quod
1110 4336 1188 4402 item,
1211 4335 1334 4405 quaedam
1354 4333 1426 4388 ratio
1448 4333 1475 4388 in
1490 4332 1546 4387 Deo
1562 4340 1606 4387 est
1621 4339 1737 4399 ειειιιι,
1752 4347 1814 4402 que
1825 4341 1870 4389 εει

228 4429 307 4498 iacit,
334 4433 381 4488 Dei
407 4434 558 4505 potentiam
582 4443 740 4500 arctantes,
770 4442 798 4490 et
824 4436 862 4490 ita
888 4447 1023 4491 conantur
1072 4429 1156 4486 etiam
1183 4428 1256 4484 Deus
1276 4442 1326 4498 per
1344 4441 1424 4496 quarn
1443 4424 1640 4481 iacitiieusid
1661 4425 1869 4495 nuntianter
1894 4446 1896 4453 ·

228 4532 376 4581 astruere:
391 4525 462 4581 ὓειιε
478 4525 545 4581 nihii
560 4533 649 4595 potest
660 4524 752 4582 iacere
767 4528 820 4582 nisi
833 4527 905 4598 quoti
920 4528 1022 4583 irouum
1074 4521 1190 4576 dimittit
1211 4521 1237 4576 id
1258 4520 1330 4591 quod
1346 4518 1470 4574 dimittit.
1492 4517 1577 4590 Ergo,
1600 4531 1634 4573 ea
1656 4527 1798 4584 manente,
1814 4533 1868 4574 uon

228 4622 284 4681 est,
307 4624 336 4672 ει
357 4614 424 4672 nitri}
442 4616 542 4672 tronum
558 4627 600 4672 est
616 4617 675 4672 iteri
694 4617 728 4674 ab
746 4631 779 4674 eo
793 4618 866 4688 guod
890 4620 948 4688 ipse
967 4632 1021 4673 non
1037 4623 1060 4680 n
1075 4619 1166 4684 potest
1183 4610 1275 4667 iacere
1287 4612 1361 4682 quod
1375 4610 1499 4676 dimittit,
1520 4608 1564 4663 vei
1578 4607 1720 4663 dimittere
1734 4611 1805 4678 quod
1824 4607 1867 4662 ia·

228 4705 338 4766 iaciat:
354 4708 585 4779 ergoDeusniitii
602 4719 699 4777 potest
708 4707 800 4764 iacere
816 4708 868 4763 uisi
887 4709 959 4777 quod
983 4709 1023 4763 ia·
1074 4707 1125 4773 cit,
1142 4704 1209 4774 quin
1226 4712 1289 4775 agat
1308 4711 1404 4759 contra
1420 4703 1494 4756 iliam
1513 4701 1661 4785 rationem.
1676 4697 1777 4754 Contra
1793 4698 1867 4754 iiiam

227 4798 277 4856 cit.
294 4798 361 4856 item
374 4801 481 4870 justitia
504 4800 553 4855 Dei
572 4799 657 4870 exigit
675 4801 766 4869 ipsunt
782 4799 873 4855 iacere
891 4800 962 4870 quod
984 4800 1023 4856 ia·
1074 4811 1129 4852 uon
1144 4805 1234 4868 potest
1253 4809 1353 4865 agere,
1372 4793 1437 4864 quia
1453 4792 1491 4847 ita
1510 4797 1606 4846 contra
1622 4803 1652 4843 se
1664 4797 1757 4860 ageret
1780 4803 1868 4858 :ergo

227 4888 278 4956 cit,
308 4899 337 4947 et
360 4893 386 4947 id
400 4908 468 4954 ,nou
501 4892 592 4948 iacere
611 4893 685 4961 quod
715 4905 769 4946 uon
794 4889 878 4956 iacit;
901 4899 929 4945 et
952 4890 1024 4946 Deus
1073 4901 1128 4942 uon
1143 4894 1233 4956 potest
1256 4885 1300 4941 rei
1322 4883 1416 4940 iacere
1437 4881 1510 4953 quod
1531 4880 1657 4947 dimittit,
1674 4880 1717 4936 rei
1729 4881 1869 4937 dimittere

228 4998 286 5041 uott
303 4993 393 5054 potest
412 4984 515 5055 aliquid
532 4983 624 5039 iacere
646 4994 743 5039 contra
768 4982 901 5052 iustitiam
929 4997 1020 5051 suam;
1073 4979 1146 5049 quod
1169 4979 1245 5035 iacit.
1270 4971 1373 5032 Verum
1397 4985 1440 5031 est
1462 4974 1573 5045 quidem
1597 4975 1669 5046 guod
1693 4975 1717 5031 si
1735 4973 1807 5030 ratio
1822 4972 1867 5029 ilia

228 5090 295 5146 ergo
324 5076 395 5134 Deus
418 5092 472 5132 uon
502 5085 594 5149 potest
626 5076 718 5132 facere
752 5076 824 5145 quod
856 5089 908 5130 uon
934 5074 1021 5140 iacit,
1075 5069 1235 5139 temporalis
1248 5075 1399 5132 estet‚nou
1411 5072 1631 5139 aeterna,posset
1643 5065 1783 5122 dimittere
1794 5066 1867 5135 quoti

227 5178 257 5224 et
287 5170 325 5225 ita
363 5186 417 5227 uon
453 5179 545 5241 potest
573 5171 666 5226 iacere
698 5169 750 5225 uisi
785 5170 811 5225 id
843 5168 915 5237 quod
944 5167 1021 5224 iacit.
1072 5160 1149 5228 iacit,
1166 5173 1221 5215 nott
1235 5158 1342 5231 agendo
1355 5167 1451 5214 contra
1465 5158 1537 5214 iiiam
1550 5159 1698 5215 rationem.
1711 5157 1867 5222 Nam,cunt

227 5266 296 5322 item
311 5266 382 5320 Deus
395 5278 450 5318 nou
464 5272 555 5334 potest
571 5261 663 5317 incure
677 5262 750 5333 quod
766 5261 871 5331 justitia
891 5261 949 5333 ejus
964 5260 1023 5316 esi·
1073 5253 1149 5326 ptius
1164 5261 1237 5309 *2⁸⁸0*
1252 5252 1324 5308 ratio
1336 5251 1439 5323 aliquid
1458 5251 1532 5319 ⁶0¹5»
1543 5261 1571 5309 0¹
1585 5266 1658 5307 ¹¹¹¹ssss
1676 5249 1742 5305 illud
1756 5248 1867 5303 θῐῐῐῑῑῑθ·

225 5357 288 5424 gitt
304 5358 352 5412 sed
368 5354 474 5425 justitia
490 5357 549 5427 ejus
566 5370 618 5411 nou
635 5354 733 5426 exigit,
755 5354 809 5409 nisi
827 5354 852 5407 id
871 5352 943 5422 quari
964 5354 1022 5423 ipse
1075 5359 1153 5401 retur
1167 5344 1241 5417 quod
1259 5345 1335 5413 [tritis
1348 5343 1447 5400 inisset
1462 5343 1542 5411 ratio,
1566 5343 1647 5399 modo
1663 5356 1717 5399 uon
1731 5349 1805 5396 esset
1821 5352 1866 5394 ra·

225 5451 296 5507 iacit
311 5465 320 5506 t
335 5465 401 5522 ergo
424 5465 477 5507 nou
501 5457 592 5520 potest
616 5448 709 5506 iacere
733 5449 785 5504 nisi
805 5447 830 5505 id
854 5449 927 5517 qnod
942 5446 1019 5501 iacit.
1074 5431 1112 5494 t'io
1126 5438 1212 5509 ipsius
1226 5437 1270 5496 tel
1288 5436 1374 5508 ipsius
1396 5451 1449 5493 tes.
1468 5436 1525 5505 Sic,
1538 5449 1599 5518 cum
1616 5434 1668 5489 iste
1687 5432 1866 5502 praedestina·

262 5628 320 5702 (50)
334 5629 412 5701 spur
428 5627 512 5702 Mag..
526 5627 604 5694 ttrtrt„
621 5625 635 5698 5
653 5626 672 5681 i.
688 5635 717 5681 et
733 5624 883 5688 ductricis„
902 5622 947 5679 96.
1109 5618 1167 5690 (di)
1181 5616 1229 5673 Sic
1244 5617 1391 5687 respondet
1407 5617 1549 5688 Magister,
1567 5611 1619 5685 fic.

275 5699 323 5769 δι)
337 5698 401 5756 liae
417 5700 474 5770 ipsa
491 5699 612 5768 Magistri
630 5697 765 5763 doctriua,
783 5695 797 5768 5
814 5710 838 5752 e.
1109 5690 1168 5759 (55)
1187 5688 1234 5743 Sic
1250 5688 1334 5760 stag„
1345 5689 1360 5761 ς
1371 5689 1399 5744 d.
1521 5755 1528 5769 ⁹
1551 5755 1557 5767 ι
1590 5755 1595 5766 .

274 5770 322 5839 δί)
342 5770 445 5826 Eadem
460 5769 601 5839 Magister,
616 5767 630 5839 g
646 5768 673 5821 d.
1109 5761 1166 5831 (56)
1186 5759 1263 5828 Apud
1272 5759 1355 5832 iitrg,
1369 5759 1436 5822 tirrd,
1447 5766 1475 5811 ιιι
1493 5756 1557 5809 rutitt
1573 5755 1683 5809 trdttttr.
1697 5771 1745 5808 noc
1760 5753 1828 5809 orriri
1840 5771 1865 5809 m

264 5839 322 5913 (53)
340 5840 413 5897 Ιιιιει
428 5841 497 5895 atius
510 5839 646 5893 stratam.
664 5837 744 5890 l'trrra
760 5834 793 5889 de
809 5834 853 5889 tris
873 5836 899 5891 iu
917 5833 1020 5891 uostris
1072 5831 1315 5902 (debettseuetrturr
1331 5831 1419 5886 ituirt.
1437 5828 1468 5888 V.
1485 5825 1591 5900 reliqua
1606 5824 1664 5884 iere
1679 5827 1712 5883 ιΙε
1729 5826 1811 5884 terito
1831 5827 1866 5884 ad

226 5911 368 5971 obsecrat.
381 5912 408 5966 in
422 5911 528 5967 Poitum
543 5907 574 5964 t.
591 5907 650 5979 iing
673 5922 692 5973 ι,
709 5906 774 5962 dist.
786 5905 822 5962 ta
1073 5902 1198 5960 terbum.
