4425 6450
241 378 293 435 tsi

618 366 812 427 sunuoues.
831 367 980 426 -ssmt
995 368 1117 427 utrm.
1133 370 1167 425 m
1183 360 1400 426 estensium
1418 350 1547 425 nontin

1833 361 1887 431 sss

241 495 372 549 humanae
383 489 471 546 laudis
498 489 620 557 :sicque
644 485 756 548 euenit,
786 493 816 539 ιιι
832 484 864 539 ad
879 485 1037 556 petitionem
1053 484 1222 555 Aquoniam
1239 484 1285 539 lilii
1299 484 1346 539 bei
1359 499 1466 551 sumus,
1482 487 1528 541 serl
1548 488 1666 542 nondum
1680 489 1806 559 apparuit
1817 494 1883 562 qnid

240 586 331 649 illius,
349 584 469 641 ioannes
485 580 643 637 decolletur.
666 576 784 632 loannes
800 576 847 631 bei
868 576 955 647 gratio
968 577 1035 632 dici·

241 689 297 734 tur.
310 676 398 745 Caput
415 689 482 744 ergo
500 670 615 726 loannis
639 679 682 726 εει
695 679 767 725 recta
785 670 902 723 intentio
916 669 1035 725 uirtutis.

242 767 364 824 loannes
381 780 457 834 ergo,
467 764 500 817 ad
515 762 671 834 petitionem
686 759 858 828 llcrodiadis,
871 759 1034 824 decollatur,

241 856 307 913 dunt
320 855 447 927 pulsante
461 852 588 923 snperbia
604 862 712 905 mentes
727 850 905 916 secularium,
922 851 1037 906 intentio

240 946 336 1017 operis
346 945 467 1016 ipsorum
483 944 510 998 in
524 942 597 997 nullo
609 941 717 994 uirtutis
732 954 847 1009 corpore
862 939 1003 995 solidatur.

275 1036 398 1108 Ergode
422 1033 550 1088 couririo
574 1028 638 1087 lesu
655 1030 743 1085 sancti
769 1030 819 1084 riri
846 1032 993 1086 comedunt
1008 1043 1037 1088 et

240 1132 384 1198 appetunt,
401 1124 461 1178 lalsi
483 1123 585 1177 iratres
611 1121 756 1176 comedunt
772 1130 799 1174 et
815 1119 975 1175 fastidiunt:
989 1136 1035 1177 se·

239 1220 349 1273 solares
364 1231 431 1271 sero
444 1230 498 1269 non
513 1211 673 1278 comedunt,
690 1211 736 1266 sed
754 1221 942 1266 contemnunt.
959 1209 1036 1266 bleo-

238 1322 292 1378 que
309 1323 365 1362 nou
380 1306 541 1377 perueniunt
571 1304 605 1359 ad
635 1303 746 1358 tertium
763 1302 826 1357 illud
839 1302 934 1357 :eterni
950 1303 1032 1374 Regis

238 1398 408 1461 consitium,
424 1397 504 1467 crrjus
519 1396 545 1449 in
563 1393 696 1465 principio
723 1394 888 1450 mentionem
905 1393 1031 1460 lecimus,

238 1491 313 1561 quod
330 1489 410 1545 bodio
423 1496 505 1559 caput
518 1497 640 1541 nostrum
654 1486 871 1557 principiumque
883 1487 1032 1558 precessit,

238 1584 265 1639 in
283 1597 340 1652 qoo
356 1581 506 1652 praecinget
531 1593 560 1634 se
581 1577 671 1645 lesus,
690 1590 718 1634 et
734 1579 816 1633 saciet
838 1579 898 1634 illos
913 1580 1033 1633 discum*

237 1675 319 1740 bere,
332 1683 359 1730 et
374 1674 509 1729 transiens
523 1672 690 1728 ministrabit
706 1671 768 1727 illis.
778 1671 862 1740 Cujrrs
875 1671 948 1727 beati
966 1687 1033 1728 corr-

1088 577 1203 632 erimus.
1220 576 1402 646 Plrilosopbns
1419 578 1501 631 etiam
1515 580 1608 634 mundi
1626 587 1698 634 tuum
1718 582 1765 636 tibi
1779 584 1883 639 donnu-

1087 671 1164 725 cians
1187 668 1321 741 originem
1335 671 1369 724 de
1385 678 1411 724 te
1426 670 1534 741 tuisque
1547 670 1681 728 similibus
1696 673 1763 729 d'cit
1784 690 1791 726 :

1124 804 1206 875 lgneo
1219 805 1257 859 uis
1271 801 1343 858 iliius
1357 813 1393 857 est
1407 813 1431 856 et
1443 803 1553 857 celestis
1566 806 1651 875 origo,

1124 873 1272 930 Seminibus
1284 875 1347 945 (boc
1360 883 1402 928 est
1428 875 1580 944 animabus)
1598 886 1725 945 quomam
1736 894 1787 933 non
1802 882 1883 937 nesio

1537 944 1658 1015 [corporis
1670 950 1777 1003 tardant
1794 952 1847 1020 (1),

1123 1014 1276 1084 defessique
1287 1022 1398 1085 preeunt
1418 1023 1492 1067 ortus
1514 1016 1724 1086 ntombundoque
1737 1026 1863 1076 ntenrbro.

1119 1130 1236 1185 dttendc
1248 1145 1324 1199 ergo,
1336 1144 1353 1185 o
1365 1128 1454 1183 asrima
1467 1128 1581 1195 misera,
1592 1139 1619 1184 et
1631 1129 1700 1193 uide,
1715 1132 1737 1186 si
1752 1134 1829 1190 dolor
1843 1138 1882 1192 si-

1085 1223 1158 1279 milis
1177 1223 1249 1277 sic'ut
1275 1222 1353 1276 dolor
1377 1229 1449 1275 tuus.
1471 1220 1571 1277 Omnes
1592 1223 1665 1277 enim
1681 1235 1814 1283 creaturae
1829 1228 1880 1298 lcgi

1085 1326 1192 1371 nature
1205 1316 1337 1372 obediunt
1353 1329 1361 1369 a
1375 1316 1477 1386 quippe
1489 1318 1576 1370 oritur
1586 1316 1626 1370 sol
1639 1328 1667 1372 ει
1680 1320 1792 1386 occidit,
1804 1333 1831 1376 et
1845 1324 1879 1376 ad

1085 1408 1174 1463 locunt
1192 1422 1271 1462 suurn
1285 1407 1433 1462 revertitur
1448 1407 1611 1462 naturaiiter
1627 1426 1635 1461 ι
1655 1409 1879 1467 intrantllumina

1085 1501 1112 1556 in
1128 1516 1215 1565 mure,
1227 1508 1255 1554 ει
1269 1500 1304 1554 ad
1315 1497 1420 1555 lurrteru
1439 1515 1518 1555 suum
1532 1511 1721 1566 revertuntur,
1736 1503 1879 1559 utiterum

1084 1592 1178 1648 lluant.
1208 1593 1307 1649 omnia
1334 1594 1454 1663 gaudent
1477 1595 1503 1648 in
1522 1594 1579 1650 suis
1599 1594 1751 1663 similibus,
1768 1606 1796 1652 ιιι
1821 1598 1880 1653 solu

1084 1683 1157 1739 lacta
1172 1685 1307 1756 ignobilis,
1326 1700 1342 1739 a
1357 1687 1521 1742 conditionis
1541 1696 1593 1741 tuae
1609 1687 1743 1757 dignitate
1759 1698 1785 1745 te
1800 1689 1879 1759 deje-

238 1767 307 1822 sitii
333 1765 463 1821 Salomon
489 1765 614 1820 meminit
636 1765 751 1820 dicens:
788 1765 977 1822 Exultabirnns
1006 1775 1033 1822 ei
1088 1776 1237 1847 ciggi‚quia
1258 1787 1365 1833 [elfelm
1382 1778 1409 1832 in
1432 1778 1602 1834 habitatione
1625 1791 1804 1850 pgaeggggggg·
1820 1793 1880 1852 pag.

237 1860 439 1917 delectabimur
450 1861 476 1916 in
494 1868 531 1925 te,
547 1876 683 1916 memores
698 1862 811 1915 uberrnn
826 1870 934 1917 tuorurn
950 1877 1034 1931 super
1086 1866 1209 1921 sionibus
1219 1869 1311 1923 carnis
1321 1866 1493 1935 compelleris
1505 1870 1654 1925 deservire.
1667 1872 1744 1937 Quod
1755 1880 1783 1927 ει
1797 1883 1879 1942 poeta

238 1953 334 2008 riuum
350 1951 441 2021 (Cous.
465 1958 495 2022 ι).
509 1951 543 2006 Ει
558 1951 642 2006 David
657 1952 811 2021 propbeta:
829 1952 955 2007 Satiabor
971 1969 1032 2008 curn
1085 1957 1130 2013 ille
1141 1958 1304 2014 bluntnanus
1318 1960 1448 2026 ostendit,
1461 1960 1555 2016 ι11εειιε
1569 1978 1576 2014 z

236 2044 400 2115 apparuerit
413 2043 498 2115 gloria
513 2053 558 2098 tna
572 2042 659 2114 (Psoi.
678 2044 748 2113 rvr).
765 2041 804 2097 lle
831 2053 920 2098 sutcrn
936 2046 1034 2115 uliquis
1086 2070 1155 2126 ΗΜ,
1170 2082 1300 2137 ΜΗ),
1314 2073 1433 2142 cmm„
1454 2074 1638 2146 gaudeam
1665 2077 1812 2149 dmm,
1832 2097 1879 2136 m

237 2134 273 2190 ab
283 2134 340 2190 boc
350 2134 478 2189 conrtrto
491 2142 566 2190 esset
576 2144 735 2198 excusatus,
748 2134 1029 2205 rnisitl'atcrlamilias
1750 2148 1843 2220 [cmm

236 2226 586 2297 serrossuospropbetas,
600 2225 646 2295 qni
662 2226 899 2281 annunciarentin
915 2229 1031 2298 populls,
1084 2212 1235 2281 1111111111
1263 2212 1542 2283 111111111111111111
1563 2225 1589 2269 11
1609 2232 1712 2272 1111111
1733 2235 1802 2272 11111
1826 2220 1876 2290 (5)·

236 2326 266 2374 ει
291 2327 389 2375 notum
419 2317 552 2375 lacerent.
579 2319 659 2376 Venit
686 2321 795 2375 demum
826 2321 1033 2379 architriclinus
1119 2325 1260 2383 Ontinam
1287 2327 1329 2381 rel
1352 2327 1379 2381 1η
1395 2327 1447 2382 boc
1459 2342 1571 2383 carcere
1591 2330 1738 2384 constituta
1766 2345 1879 2401 saperes

236 2410 307 2467 bora
321 2424 411 2467 coeuae
424 2409 516 2466 dicere
529 2408 653 2464 inritatis
677 2418 706 2463 ut
721 2410 860 2477 uenirent,
876 2413 940 2482 qnia
958 2415 1031 2469 tauri
1084 2424 1112 2469 ct
1134 2414 1379 2485 intelligeres,quia
1397 2430 1430 2470 eo
1453 2419 1511 2485 ipso
1525 2419 1597 2486 quod
1623 2418 1651 2472 iu
1680 2420 1796 2475 miseriis
1823 2439 1877 2476 urin

236 2509 266 2556 et
278 2501 367 2557 altilia
386 2501 479 2557 occisa
496 2511 571 2566 sunt,
588 2509 614 2556 et
631 2505 903 2570 paratasuntomuiu
921 2504 1030 2573 (Matri.
1084 2508 1228 2576 subsistis,
1254 2510 1326 2577 qnod
1358 2509 1451 2565 labore
1480 2520 1507 2566 ει
1541 2512 1634 2567 doloro
1673 2512 1812 2584 latigaris,
1842 2530 1877 2569 eo

237 2594 322 2662 xsrt).
347 2592 420 2648 Vere
431 2602 524 2664 parata
538 2599 603 2646 sunt
627 2592 728 2657 omnia,
746 2593 797 2648 uisi
812 2592 848 2647 illi
863 2596 910 2664 qni
926 2596 1030 2652 inuitati
1084 2599 1153 2670 ipso,
1171 2601 1293 2671 inquam,
1308 2603 1463 2658 arlrnoneris
1486 2619 1540 2659 nou
1557 2604 1604 2659 tibi
1620 2612 1741 2659 statuere
1756 2606 1799 2659 bic
1815 2622 1877 2659 rna·

237 2683 569 2754 suntluerintimparati.
581 2682 651 2751 Quid
671 2684 744 2738 eninr
768 2685 863 2740 deesse
886 2695 975 2755 potest
994 2688 1032 2743 illi
1084 2702 1192 2748 sentem
1205 2694 1353 2761 civitatem,
1369 2693 1416 2749 sed
1440 2695 1559 2749 loturam
1581 2695 1727 2766 inquirere.
1750 2697 1782 2751 Et
1803 2708 1831 2752 ut
1845 2699 1878 2753 do

238 2775 605 2844 eonvtsronnquoeoanus
624 2775 718 2841 sarrai,
737 2774 1030 2847 Jocnnonasmenizn,
1083 2787 1235 2842 irsrntnoos
1253 2788 1286 2841 au
1304 2785 1447 2842 tuoruum
1464 2788 1510 2843 ιιι
1524 2789 1642 2857 cotiano,
1655 2790 1727 2846 sicui
1739 2790 1804 2846 oren
1817 2792 1878 2861 qin-

238 2868 385 2938 prudcotia
400 2867 658 2938 dispensat,justitie
674 2867 822 2933 ministrat,
836 2868 1031 2927 immortalitas
1084 2880 1146 2935 dam
1161 2900 1168 2937 2

237 2960 334 3025 restit,
347 2959 550 3030 impassibilitas
564 2962 695 3029 custodit,
705 2962 810 3017 sanitas
824 2962 938 3032 appetit,
952 2974 1033 3019 aeter·
1084 2995 1177 3051 Serum
1191 2994 1278 3070 [cum]
1292 2998 1354 3053 pm
1376 3000 1410 3054 Β),
1435 3000 1533 3055 egam
1548 3017 1626 3055 cam
1651 2998 1789 3055 paug-on,
1807 3015 1877 3058 m

237 3052 315 3109 nitas
337 3051 479 3122 impendit,
502 3054 602 3110 veritas
623 3054 772 3123 illuminat,
789 3058 938 3114 concordia
955 3060 1030 3127 paci·
1062 3070 1063 3073 ’
1531 3070 1594 3143 [boc
1607 3080 1649 3124 est
1667 3070 1822 3127 ennonete

238 3143 316 3199 dcat.
332 3143 415 3211 Eece,
430 3142 529 3200 lratres
544 3145 725 3213 dilectissimi,
748 3148 781 3202 ad
802 3147 854 3204 boc
876 3150 1071 3228 conviviumg
1141 3137 1247 3192 Nititur
1262 3139 1290 3193 11
1311 3140 1389 3223 tillet
1408 3141 1453 3193 illo
1471 3142 1556 3194 redire
1578 3157 1651 3195 sdes·

237 3238 408 3294 rocaritnos
422 3237 469 3292 Dei
480 3237 566 3294 Filios
580 3249 607 3294 et
620 3240 714 3296 uenire
733 3242 881 3304 tardamus.
896 3244 1034 3313 compellit
1311 3210 1457 3284 10111111
1476 3210 1571 3276 11111·
1586 3211 1604 3268 ¹·
1616 3227 1659 3279 '¹¹’
1672 3227 1699 3267 1·
1717 3210 1751 3265 3⁹
1765 3210 1824 3281 101

239 3331 346 3387 iurem
361 3340 390 3386 eg
413 3331 568 3397 nutrimur,
585 3333 723 3400 praeoessjg
748 3332 919 3390 ascendendo
935 3335 961 3390 q„
976 3349 1034 3392 00.
1084 3315 1169 3399 §usne
1181 3323 1306 3391 quamuis
1321 3322 1453 3377 aniculam
1465 3333 1493 3379 et
1508 3323 1617 3380 include
1630 3340 1690 3381 eam
1707 3326 1734 3382 in
1749 3343 1876 3404 caream,

239 3422 296 3477 lgm
307 3430 337 3477 οι
354 3436 407 3477 110„
422 3421 572 3479 superamur,
987 3477 989 3480 Α
1084 3408 1185 3482 largire
1207 3423 1310 3481 potum,
1328 3415 1453 3471 ministra
1467 3415 1558 3471 cibum
1575 3417 1602 3472 iu
1626 3417 1804 3493 abundantia,
1820 3438 1875 3479 ooo

274 3512 360 3570 cerie
380 3512 524 3569 erexisses
549 3514 668 3570 edictum
691 3530 705 3569 a
725 3514 832 3572 cmm
851 3518 972 3589 ,ungasto
998 3517 1032 3574 aq
1083 3502 1128 3576 bis
1151 3506 1279 3562 omnibus
1295 3509 1462 3564 mansuescit
1477 3523 1485 3564 t
1502 3508 1568 3580 quin
1583 3509 1698 3567 dilectas
1710 3514 1763 3570 sibi
1777 3515 1876 3571 solitu-

238 3604 380 3675 pciucipes
396 3612 424 3660 ει
446 3611 589 3676 tyrannos,
613 3607 647 3661 ad
674 3623 798 3677 quosque
826 3609 988 3680 terrigenas,
1004 3617 1033 3667 et
1083 3595 1162 3653 111111
1186 3599 1577 3671 111111111111011101111
1604 3603 1762 3673 1111111111·
1785 3607 1877 3674 Qum

240 3697 314 3754 dlios
327 3697 479 3764 bominum,
500 3705 530 3752 ut
542 3712 573 3754 sc
587 3698 739 3767 presentie
753 3714 809 3754 sure
822 3709 1031 3773 presentarent,
1084 3690 1160 3749 boc?
1175 3693 1238 3763 quia
1262 3708 1319 3750 sua
1338 3704 1444 3751 nature
1458 3695 1545 3768 magis
1560 3697 1632 3752 uidet
1657 3709 1814 3770 competere
1828 3704 1876 3757 dc-

240 3798 389 3862 urgereut,
415 3787 588 3853 festinarent,
615 3801 812 3846 concurrerent
836 3805 931 3846 omnes
957 3792 1032 3862 regio
1083 3792 1156 3839 serta
1170 3798 1253 3853 qnam
1270 3784 1384 3841 urbana.
1399 3785 1433 3841 lit
1445 3794 1485 3853 tu,
1500 3788 1621 3845 oanima
1638 3789 1806 3859 Christiana,
1820 3808 1875 3848 nou

239 3884 334 3940 eutero
350 3880 478 3952 parison,
492 3880 539 3936 not
557 3881 628 3936 torre
647 3880 786 3938 laboribus
809 3892 902 3938 esseni
924 3882 1033 3954 perten-
1083 3875 1237 3931 utromodo
1251 3876 1277 3930 m
1291 3892 1387 3944 ravo,
1403 3878 1451 3934 seo
1465 3878 1492 3934 ru
1508 3878 1648 3934 torrendo
1662 3880 1800 3950 ergastulo
1813 3897 1875 3937 cor·

240 3972 331 4038 tandi.
346 3971 390 4028 sel
403 3971 528 4028 morituri
551 3971 578 4026 in
601 3970 682 4039 bello,
696 3971 738 4026 rel
757 3986 806 4042 pro
829 3971 945 4028 crimine
960 3972 1033 4028 laesas
1083 3965 1159 4044 poris
1174 3967 1318 4036 captirata,
1336 3981 1389 4023 non
1405 3965 1519 4023 festinas
1539 3969 1628 4024 redire
1650 3968 1685 4025 ad
1701 3977 1777 4024 tuum
1797 3971 1876 4042 prin·

239 4065 404 4135 malestatis,
416 4063 456 4120 rei
469 4048 614 4118 lumiliaris
635 4062 677 4118 rel
693 4061 806 4119 bonoris
823 4062 971 4120 discrimen
986 4077 1032 4120 es·
1084 4056 1215 4128 cipiuma
1231 4071 1287 4129 quo
1302 4058 1459 4127 processisti
1479 4057 1559 4115 lSed
1580 4059 1646 4130 quid
1671 4060 1728 4117 dixi
1750 4061 1874 4128 lestinis·

240 4167 304 4213 seut
313 4155 481 4227 perpessuri.
494 4153 625 4210 Similiter
637 4154 660 4209 si
671 4153 812 4209 decretum
826 4152 935 4211 concilii
944 4170 959 4209 a
968 4153 1033 4212 sedo
1084 4149 1140 4207 imo
1155 4165 1206 4206 nec
1219 4142 1329 4208 sursum¹
1343 4151 1466 4222 respicis,
1482 4151 1606 4208 conlecta
1618 4153 1745 4224 squalore
1754 4157 1875 4212 carceris

239 4249 365 4305 lloruaoa
380 4246 574 4318 processisset,
588 4247 694 4302 uideres
710 4256 830 4303 rectores
849 4245 1032 4303 Ecclesiarnm
1084 4254 1111 4300 et
1130 4244 1275 4314 putredine
1300 4244 1431 4314 pulueris,
1456 4257 1538 4316 quero
1563 4245 1688 4303 induisti.
1708 4246 1809 4304 Vellem
1824 4262 1875 4318 ego

241 4354 298 4394 non
321 4337 378 4407 jam
394 4338 485 4394 asinas
504 4337 716 4405 sternere,sicut
739 4336 766 4393 in
788 4338 1031 4410 diebusaotiquis,
1084 4334 1208 4406 exemplo
1225 4336 1495 4403 turesiccariae,lroc
1524 4346 1566 4393 est
1587 4341 1678 4394 carnis
1696 4339 1874 4408 quamiuba·

240 4429 291 4486 sed
308 4443 395 4499 equos
419 4439 447 4486 et
461 4429 548 4487 mulos
572 4431 670 4499 quibus
687 4439 796 4486 nonest
819 4430 983 4497 intellectus,
999 4430 1033 4488 de
1083 4425 1167 4492 bitae,
1184 4425 1305 4486 disceres
1320 4425 1437 4495 qualiter
1459 4435 1485 4482 te
1500 4436 1607 4497 oportet
1627 4429 1793 4485 conuersari.
1806 4427 1875 4484 llam

242 4521 382 4578 thesauris
398 4519 531 4576 Ecclesiae
545 4518 683 4592 marsupia
694 4520 883 4592 impraegnare,
899 4529 1034 4590 quatenus
1049 4541 1073 4601 υ
1086 4518 1119 4573 de
1132 4531 1164 4571 ea
1179 4518 1245 4573 dicit
1264 4518 1424 4574 aristoteles
1448 4518 1476 4575 irr
1499 4518 1708 4591 lletapbysicis,
1723 4521 1794 4591 quod
1809 4521 1874 4575 lati·

241 4612 372 4669 bonorsti
394 4621 567 4683 apparerent,
589 4612 615 4666 in
642 4620 788 4682 conspectu
802 4613 843 4668 sui
861 4611 973 4680 judicis,
985 4612 1035 4667 tri·
1087 4619 1150 4681 gato
1163 4624 1287 4680 corpore.
1300 4609 1439 4666 contraria
1455 4612 1590 4680 positione
1601 4611 1724 4666 solvitur.
1736 4611 1812 4679 Quod
1833 4623 1875 4668 est

242 4717 315 4763 stem
329 4705 401 4759 lorte
414 4703 576 4761 seutentiam
591 4703 719 4759 audituri.
732 4704 764 4759 Et
777 4713 816 4771 tu,
831 4703 1035 4760 oanimaCbri·
1086 4700 1188 4768 dicere,
1203 4698 1275 4772 quod
1300 4700 1424 4771 latigatio
1445 4701 1567 4771 corporis
1583 4702 1720 4756 contraria
1740 4701 1875 4770 positione

242 4794 346 4858 stiana,
359 4790 395 4846 ad
407 4790 514 4847 delitias
538 4789 622 4859 Regis
635 4792 730 4846 aterni
746 4792 869 4856 inritata,
883 4807 969 4862 qnare
982 4808 1035 4849 oon
1087 4804 1241 4857 recreatur,
1256 4803 1286 4848 ut
1301 4794 1324 4850 si
1345 4808 1445 4864 corpus
1471 4794 1553 4849 tuerit
1574 4792 1717 4862 fatigatum
1743 4792 1873 4857 sedendo,

243 4886 362 4943 destinas
388 4884 492 4956 ingredi
514 4885 541 4940 in
566 4884 640 4940 illam
660 4884 797 4953 requiem,
816 4884 860 4938 ubi
883 4900 956 4940 mors
983 4901 1034 4940 non

243 4977 316 5041 erit,
333 4988 421 5044 neque
439 4972 538 5042 luctus,
559 4988 647 5045 neque
663 4974 777 5040 clamor,
793 4986 880 5044 neque
903 4971 973 5029 ullus
987 4973 1036 5028 do-

244 5064 301 5130 lor,
321 5079 382 5134 qne
406 5063 496 5132 priora
515 5064 705 5120 transiernutl
724 5064 765 5118 dn
792 5065 881 5119 nescis
905 5066 1034 5131 quoniam

243 5171 302 5226 quo
317 5165 395 5208 rocat
414 5164 440 5210 te
458 5152 646 5224 liedernptoris
659 5155 695 5209 tui
711 5155 808 5226 gratia,
830 5155 912 5210 etiarn
938 5163 1034 5209 natura

243 5242 368 5300 coelestis
378 5252 405 5300 te
414 5243 524 5300 adducit
536 5246 548 5299 i
558 5247 699 5302 lloelestern
711 5247 783 5302 enim
798 5247 880 5302 babos
892 5246 1034 5316 originem,

243 5350 307 5405 qoae
329 5333 476 5403 imaginem
494 5335 591 5390 summi
607 5336 689 5406 Regis
713 5345 814 5405 portas,
829 5336 934 5393 scilicet
952 5337 1036 5393 ratio·

244 5441 310 5482 nesrr
328 5434 358 5480 et
374 5425 556 5482 intellectum.
571 5427 648 5483 Unde
663 5427 763 5482 Paulus
779 5446 786 5481 ι
802 5427 921 5492 Scimus,
938 5428 1036 5498 inquit,

284 5597 324 5667 (1)
346 5595 443 5667 lgneus
455 5606 493 5651 est
506 5595 567 5651 ollis
582 5596 654 5666 uigor
668 5605 691 5650 et
704 5596 812 5650 coelestis
829 5595 903 5664 origo

284 5667 454 5730 Seminibus,
468 5676 596 5736 quantum
613 5682 664 5720 nou
686 5666 766 5720 orosio
785 5681 895 5731 corrroro
917 5666 1034 5733 sordent,

283 5736 442 5807 Terreuique
460 5737 580 5791 bedetout
592 5747 665 5790 ortos
677 5735 884 5797 moribundaque
911 5736 1035 5794 sirensbro.

473 5806 578 5879 (llrgil.
599 5803 719 5874 AEoeid,
734 5805 754 5862 l,
770 5820 808 5874 ιι,
819 5821 846 5861 r.
859 5803 982 5877 ist-ss.)

1089 4894 1227 4940 recreatur
1241 4886 1339 4940 stando
1354 4902 1361 4938 r
1379 4885 1403 4940 si
1421 4885 1547 4954 jacendo,
1563 4896 1701 4940 recreatur
1713 4883 1848 4956 surgendo
1864 4899 1872 4936 z

1088 4976 1110 5032 si
1126 4975 1300 5042 ambulando,
1318 4987 1457 5031 recreatur
1468 4976 1645 5045 quiescendo.
1663 4974 1812 5043 Oportebat
1834 4974 1873 5029 si-

1088 5070 1197 5132 militer,
1210 5078 1247 5135 tc,
1258 5083 1274 5122 o
1284 5070 1373 5122 anima
1387 5069 1496 5130 misera,
1511 5069 1569 5123 brec
1582 5068 1729 5132 custodire,
1746 5078 1777 5122 nt
1795 5076 1822 5120 to
1839 5066 1875 5120 lu·

1089 5162 1187 5232 tigata,
1214 5162 1349 5217 contraria
1372 5161 1506 5230 positione
1535 5160 1722 5224 recreareris,
1748 5170 1874 5228 quercus

1088 5252 1116 5306 in
1138 5251 1230 5307 labore
1253 5251 1387 5322 requiem,
1403 5250 1430 5305 in
1445 5251 1543 5307 timore
1560 5252 1746 5314 securitatem,
1764 5247 1874 5300 allluen·

1089 5343 1153 5398 tiam
1167 5343 1193 5398 iu
1215 5345 1338 5415 penuria,
1352 5342 1512 5399 felicitatem
1528 5343 1555 5399 iu
1581 5343 1699 5406 misena,
1718 5342 1745 5394 iu
1756 5335 1875 5393 inllrmi·

1072 5445 1144 5533 'tate
1159 5437 1318 5502 remedium,
1338 5436 1364 5492 in
1377 5435 1470 5493 dolore
1483 5433 1623 5508 gaudium.

1124 5594 1162 5666 (5)
1184 5593 1252 5648 ilius
1263 5604 1381 5650 metuunt
1399 5595 1566 5666 cupiuntque,
1583 5590 1682 5654 dolent,
1697 5587 1873 5712 ww

1124 5734 1283 5804 dispiciunt,
1298 5735 1395 5790 classa
1405 5733 1517 5790 tssrelris
1528 5741 1554 5786 et
1564 5745 1668 5785 carcere
1679 5743 1758 5782 cccco.

1513 5800 1605 5872 (tatu,
1626 5814 1654 5868 y.
1673 5795 1799 5879 tat-so.)
