4425 6450
358 418 408 476 811
983 412 1088 473 benni
1114 409 1354 472 eternitates
1951 413 2003 476 111

358 534 439 591 unlus
461 527 678 605 praemissarum.
691 528 791 602 Potest
808 539 899 588 tamen
911 532 951 588 sic
965 533 1062 589 instari
1077 551 1084 588 ε
1101 532 1156 588 llo·
1169 544 1193 601 ,s
1207 547 1273 604 ergo
1281 528 1395 602 aliquid.
1406 528 1475 596 lmo,
1484 529 1508 588 sl
1518 527 1669 588 meandum
1681 529 1827 588 essentiam
1838 531 2004 595 hacdieitor

357 629 460 684 minem
476 626 567 681 album
583 640 665 695 quem
677 625 778 681 ridebit
791 624 930 695 Socrates,
942 626 1044 683 ridebit
1059 626 1150 694 Plato,
1206 622 1320 686 debeo,
1337 619 1464 692 qiraelibet
1482 634 1600 691 perrona
1615 630 1659 677 est
1674 619 1785 694 aliquod
1800 634 1903 693 potens
1916 642 2003 696 gene·

356 727 384 774 et
404 727 518 774 econtra
535 734 542 772 :
559 730 625 787 ergo
640 717 683 771 rel
701 717 840 773 bominem
865 716 957 772 album
977 732 1030 772 non
1050 716 1154 772 ridebit
1206 724 1313 779 rare,et
1324 714 1444 769 iliaetres
1453 724 1739 781 personaesumnnnm
1750 725 1847 784 potens
1856 733 2002 787 generare,

357 811 500 877 Socrates,
520 810 720 866 relbominem
736 808 828 865 album
844 809 948 867 ridebit
966 809 1052 866 Plato.
1077 808 1155 866 Sicut
1205 806 1277 861 sieut
1291 806 1556 875 dor-rritJampridem
1572 808 1644 862 dicta
1659 807 1763 876 regula,
1778 818 1806 863 et
1820 812 1894 879 qnod
1910 812 2002 869 dirius

355 903 479 973 potentia
495 903 645 973 generandi
671 911 713 959 est
735 902 761 956 iu
784 900 866 958 Patre
881 900 922 957 rel
937 900 1018 969 Filio,
1033 900 1153 968 potentia
1204 901 1323 954 essentia
1337 906 1425 968 potest
1440 914 1588 970 generare;
1603 900 1651 955 sed
1665 901 1687 955 si
1701 904 1861 957 memoriter
1877 913 2004 961 tenemus

356 994 505 1064 generandi
522 1008 577 1049 non
598 1001 641 1050 εει
661 994 689 1051 in
712 994 793 1049 Patre
808 1002 839 1049 et
853 994 880 1049 in
896 993 966 1049 Filio
980 1010 988 1049 ε
1003 994 1109 1049 fallacia
1126 994 1153 1048 in
1205 992 1335 1062 praedicta
1348 1032 1355 1057 ,
1368 992 1420 1047 istc
1434 992 1586 1058 terminus,
1603 1004 1693 1059 potens
1709 1008 1846 1063 generare,
1868 1009 1924 1051 uon
1947 1007 2005 1053 tan·

354 1086 514 1158 praemissis.
542 1086 671 1143 Socrates
702 1086 744 1143 rel
769 1087 847 1142 Plato
883 1088 988 1143 rirlebit
1014 1087 1153 1143 bominem
1206 1094 1262 1139 tum
1276 1085 1509 1150 essentiaru,sed
1522 1086 1606 1140 etiarn
1630 1086 1794 1142 relationem
1812 1098 1912 1156 notat,
1933 1094 2004 1151 unda

354 1179 458 1246 album,
484 1195 537 1236 non
569 1178 701 1236 Socrates
727 1190 755 1235 ct
779 1180 859 1235 Plato
885 1179 985 1234 ridebit
1014 1179 1152 1235 bominem
1205 1192 1259 1233 nou
1279 1186 1321 1232 est
1334 1177 1480 1232 dicendum
1498 1187 1612 1248 propter
1627 1178 1788 1233 relationem
1808 1195 1871 1250 quae
1885 1197 1943 1238 non
1961 1185 2004 1237 di·

354 1270 446 1327 album
463 1288 470 1326 r
488 1286 555 1341 ergo
569 1286 623 1326 uon
640 1286 812 1342 quaeeunque
830 1270 936 1329 ridebit
951 1271 1094 1337 Socrates,
1112 1272 1153 1327 ri·
1203 1274 1275 1328 citur
1289 1270 1323 1325 de
1338 1270 1468 1336 essentia,
1482 1261 1567 1322 Porer
1579 1280 1616 1324 err
1633 1270 1742 1341 aliquod
1756 1283 1850 1342 potens
1864 1291 2002 1344 generare,

354 1361 429 1418 debit
448 1360 527 1417 Plato
544 1379 551 1415 ε
570 1361 612 1416 εε1
631 1362 659 1417 ln
673 1362 777 1418 ducere
790 1378 903 1417 uxorem
923 1362 1032 1416 babebit
1047 1362 1153 1415 instan-
1203 1363 1251 1416 sed
1263 1359 1359 1432 uliquis
1366 1370 1458 1430 potens
1466 1375 1603 1429 generare.
1612 1359 1657 1414 illu
1668 1371 1757 1417 tamen
1767 1364 1887 1431 potentia
1898 1364 2005 1434 aliquid

355 1452 433 1508 tiam.
449 1452 664 1523 ltenr,potentia
678 1454 828 1525 generandi
847 1453 890 1509 rel
912 1451 1043 1508 nascendi
1061 1460 1104 1508 est
1125 1451 1152 1505 in
1203 1458 1246 1507 εει
1257 1451 1437 1522 potens,quia
1452 1449 1806 1516 Deusetdirinaesseutia,
1820 1452 1866 1506 ille
1878 1455 2002 1524 potentia

353 1546 455 1614 Patre,
471 1547 547 1603 nulla
573 1548 696 1618 potentia
713 1548 866 1619 generandi
892 1562 954 1618 qnae
978 1562 1031 1602 uon
1053 1546 1088 1600 sit
1101 1561 1153 1600 na·
1203 1553 1292 1614 potest
1310 1544 1441 1614 urridquid
1458 1553 1564 1613 potest,
1582 1560 1635 1600 uon
1657 1555 1746 1601 tanren
1770 1546 1833 1602 ideo
1848 1562 2001 1616 generare,

354 1637 459 1702 scendi,
474 1646 502 1693 ει
522 1646 636 1694 econtra
650 1650 659 1692 ι
673 1653 739 1709 ergo
755 1637 879 1709 potentia
909 1635 1039 1692 uescendi
1061 1645 1102 1690 cst
1125 1635 1152 1690 in
1203 1636 1267 1705 quie
1284 1635 1336 1691 boc
1350 1652 1404 1691 non
1419 1644 1460 1691 est
1480 1650 1560 1707 posse
1583 1638 1667 1707 quid,
1689 1647 1718 1693 ut
1733 1639 1926 1708 supradictum
1950 1654 2002 1701 est.

353 1729 446 1795 Patre,
460 1727 501 1785 rel
513 1729 635 1800 potentia
652 1725 801 1801 generandi
815 1745 869 1785 non
882 1729 966 1785 estin
981 1741 1014 1782 eo
1027 1744 1033 1781 :
1047 1726 1153 1781 fallacia
1204 1727 1281 1792 item,
1295 1726 1369 1783 aliud
1385 1738 1427 1784 est
1441 1728 1563 1799 gignere,
1581 1729 1655 1785 aliud
1672 1730 1746 1801 gigni
1764 1749 1772 1788 ι
1788 1745 1855 1802 ergo
1868 1732 1946 1788 aliud
1960 1744 2002 1792 εει

354 1825 382 1879 in
396 1824 558 1896 praemissis.
575 1823 697 1880 Uxorem
711 1826 771 1880 ruit
785 1826 886 1881 ducere
901 1825 964 1891 iste,
977 1833 1005 1879 ει
1015 1822 1060 1878 ille
1073 1820 1152 1889 nibil,
1204 1836 1284 1892 posse
1298 1823 1421 1894 gignere,
1442 1831 1471 1878 et
1484 1822 1556 1877 aliod
1573 1837 1653 1893 posse
1668 1824 1742 1896 gigni
1760 1842 1767 1880 :
1782 1825 1904 1882 fallacia.
1921 1828 2000 1883 Aliud

354 1918 412 1972 ruit
428 1920 479 1974 iste
501 1918 575 1989 quud
591 1935 644 1975 nou
664 1919 710 1975 illc
726 1936 734 1974 ε
750 1934 816 1990 ergo
832 1934 946 1975 uxorem
962 1917 1020 1973 ruit
1034 1917 1151 1983 ducere,
1169 1910 1190 1965 B
1205 1925 1246 1971 εει
1258 1915 1362 1971 bouum
1377 1930 1458 1985 quam
1472 1915 1574 1969 malum
1587 1933 1594 1970 :
1607 1932 1673 1987 ergo
1684 1917 1737 1971 alia
1751 1928 1795 1973 est
1807 1919 1928 1975 seientia
1939 1921 1999 1976 boni

354 2010 397 2068 uel
420 2029 473 2068 non
496 2012 553 2068 ilie.
575 2013 660 2080 ltenr,
683 2014 742 2069 lraec
764 2014 887 2082 putentia
906 2011 1054 2084 generandi
1067 2020 1109 2066 est
1125 2010 1151 2064 in
1206 2022 1288 2080 quam
1308 2007 1385 2074 unali,
1402 2023 1473 2073 uon;
1491 2009 1556 2076 quia
1572 2008 1776 2064 contrariorum
1791 2019 1834 2067 est
1847 2010 1947 2067 eadem
1961 2014 1999 2069 d·

353 2100 423 2156 Filio
441 2116 449 2155 ε
464 2117 529 2172 ergo
549 2104 669 2171 potentia
695 2102 848 2174 generandi
874 2110 917 2158 εει
941 2100 969 2155 in
991 2099 1072 2156 Filio.
1087 2098 1152 2155 tttud
1203 2096 1328 2166 scipliua.
1341 2098 1446 2151 Etnota
1459 2098 1662 2155 conclusionem
1674 2100 1998 2175 ideoesselalsam,ouia

353 2192 471 2248 sulritur
485 2200 598 2265 propter
615 2193 884 2265 interpretationem.
1204 2202 1301 2244 sensus
1314 2195 1356 2242 est
1375 2188 1458 2244 :Alio
1480 2197 1519 2242 εει
1539 2192 1657 2258 potentie
1673 2209 1726 2263 qno
1750 2189 1833 2249 Pater
1854 2207 1949 2265 potens
1961 2201 1999 2268 pi·

388 2283 512 2340 Nondum
523 2284 596 2339 eninr
609 2283 688 2354 plane
702 2283 856 2339 discussum
866 2292 918 2349 εει,
934 2297 967 2337 an
980 2281 1014 2338 ad
1029 2282 1150 2337 drrinam
1203 2297 1293 2353 gnere,
1308 2280 1362 2336 olio
1378 2298 1431 2352 quo
1453 2279 1541 2337 Filius
1556 2293 1642 2355 potest
1662 2286 1746 2357 pigui,
1762 2289 1835 2358 qnod
1851 2304 1935 2361 supra
1953 2306 1998 2347 ne·

353 2377 502 2435 essentiam
521 2390 641 2447 congrue
658 2375 704 2429 dat
716 2375 926 2441 demonstratio,
942 2382 972 2429 ut
986 2373 1093 2429 dicatur
1106 2388 1153 2443 po·
1204 2381 1298 2444 gatum
1313 2383 1366 2427 est.

353 2477 438 2533 tentia
454 2478 511 2532 bne
527 2487 569 2532 εει
585 2475 716 2532 essentia.
732 2474 811 2540 ltcm,
826 2474 947 2543 potentia
968 2482 1010 2528 est
1028 2472 1151 2544 potentin
1463 2485 1578 2544 ggppp
1597 2487 1662 2544 rm,

352 2567 441 2623 Patris
451 2577 479 2622 ει
489 2566 550 2624 Fini
564 2580 571 2620 :
585 2580 654 2637 crgo
667 2574 709 2620 εει
723 2565 841 2634 potentia
854 2563 916 2618 Filii
932 2578 1016 2631 :ergo
1029 2565 1152 2634 potentia
1207 2578 1326 2644 Qum,
1337 2593 1419 2649 qm„
1429 2577 1500 2633 pm,
1511 2581 1674 2649 ,mn-9012„
1684 2582 1802 2651 dmm„
1811 2593 1836 2638 e,
1847 2584 1880 2639 p,
1890 2586 1995 2641 ,mm

353 2658 499 2731 generandi
513 2658 595 2714 estin
609 2656 678 2713 Filio
692 2678 698 2711 :
711 2656 818 2712 fallacia
836 2655 934 2711 ulttrni.
948 2655 1074 2711 Potentia
1089 2671 1153 2726 pec·
1371 2650 1377 2667 ‘
1488 2652 1549 2705 lruic
1560 2654 1712 2721 questioni.

353 2750 435 2806 cendi
450 2750 503 2807 erit
515 2750 637 2821 potcutia
655 2749 746 2813 istius,
760 2750 825 2819 (ruia
839 2748 897 2818 jam
913 2747 1127 2803 coullrreabltur
1143 2764 1150 2799 :
1240 2744 1298 2818 (16)
1315 2742 1391 2800 Solet
1403 2744 1488 2814 quaeli
1503 2759 1591 2813 quare
1606 2746 1677 2802 ⁰⁸¹5
1688 2748 1797 2803 (11031111
1812 2749 1992 2820 01111111101013·

352 2857 421 2914 ergo
441 2844 563 2915 potentia
588 2842 717 2912 pcecnudi
741 2841 795 2897 erit
819 2842 846 2896 in
873 2842 936 2898 isto.
953 2840 1037 2907 item,
1061 2841 1152 2911 aliqua
1203 2839 1245 2894 dn
1265 2837 1329 2908 quia
1352 2838 1444 2893 ornnia
1467 2847 1570 2908 potest,
1592 2854 1626 2892 an
1645 2841 1708 2908 quia
1725 2843 1817 2897 omnia
1831 2853 1919 2912 potest
1939 2860 1993 2913 εει

352 2936 477 3006 potentia
495 2943 538 2990 εει
555 2934 582 2988 in
599 2933 670 2989 Filio
689 2952 695 2987 :
716 2947 783 3003 ergo
800 2934 922 3003 potentia
942 2932 1092 3005 generandi
1110 2930 1153 2987 rel
1203 2931 1270 2985 ruit.
1290 2930 1347 3002 (et)
1363 2931 1441 2998 Quod
1458 2932 1532 2986 enim
1549 2932 1619 2989 Deus
1637 2934 1728 2988 omnia
1752 2937 1852 3005 possit,
1864 2938 1930 2992 dicit
1943 2940 1994 2992 bu·

354 3025 425 3093 alim
438 3027 485 3082 sed
497 3027 632 3097 probatur
646 3025 718 3095 quod
731 3040 794 3081 riou.
808 3025 867 3081 Alia
884 3026 955 3081 nulla
970 3028 1153 3098 potentiaj'go·
1203 3023 1344 3093 gostinus:
1360 3041 1369 3075 r
1388 3024 1559 3079 beusomnia
1571 3028 1714 3096 potestsed
1724 3043 1776 3084 non
1789 3029 1854 3086 lacit
1864 3032 1915 3085 uisi
1925 3030 1994 3100 quod

353 3120 470 3178 nerandi
486 3130 528 3176 est
545 3120 572 3175 in
589 3117 735 3190 Filioque
755 3131 807 3173 nou
826 3118 862 3173 sit
878 3121 997 3188 potentia
1015 3135 1150 3188 generatr-
1203 3114 1472 3172 couvenitroluutati
1483 3116 1540 3183 ejus
1552 3118 1706 3187 etjustitiic.
1719 3139 1729 3173 r
1741 3119 1808 3177 Cum
1822 3130 1913 3178 tarnen
1928 3126 1993 3180 beor

353 3212 380 3268 di
391 3228 399 3269 ε
410 3228 476 3286 ergo
487 3226 536 3269 nec
550 3210 604 3267 alia
621 3210 740 3283 potentia
754 3209 836 3266 estin
850 3209 920 3266 Filio
932 3226 1014 3280 quam
1028 3210 1151 3282 potentia
1204 3227 1258 3267 uon
1270 3211 1495 3282 possitpeecare,
1508 3213 1733 3285 nonpossitsalli,
1747 3232 1800 3272 uon
1815 3219 1903 3288 possit
1916 3220 1994 3275 uriser

353 3305 520 3376 generenam
535 3318 585 3358 nec
597 3304 686 3375 aliona
701 3303 874 3376 potentiaest
889 3304 915 3357 in
933 3302 1013 3369 Filio,
1026 3318 1086 3374 que
1098 3319 1152 3359 uon
1206 3306 1283 3370 deri,
1305 3322 1357 3362 uon
1375 3305 1481 3362 ridetur
1502 3308 1683 3378 omnipotens.
1704 3310 1745 3367 Ad
1760 3314 1833 3379 quod
1851 3314 1992 3368 dicendum

354 3396 390 3450 sit
410 3395 534 3464 potentia
555 3396 704 3464 generandi
720 3409 728 3447 a
754 3393 862 3449 fallacia
880 3394 966 3466 primi
986 3394 1151 3465 argumenti.
1205 3398 1268 3468 quia
1284 3414 1363 3470 posse
1379 3399 1443 3465 hoc,
1459 3414 1513 3455 uon
1527 3409 1570 3455 εει
1583 3402 1675 3473 aliqua
1688 3418 1778 3474 posse,
1795 3405 1851 3460 imo
1865 3418 1907 3462 εει
1922 3419 1995 3463 nato·

353 3487 437 3544 Pater
452 3487 545 3558 utiquo
562 3496 605 3544 εει
624 3488 728 3544 Pater:
744 3503 809 3557 ergo
821 3486 951 3555 essentia,
966 3488 1009 3541 rel
1023 3488 1092 3551 abor
1109 3487 1152 3544 vel
1205 3490 1270 3550 ralis
1285 3493 1462 3562 impotentia,
1479 3508 1532 3549 non
1548 3496 1686 3552 naturalis
1706 3500 1845 3567 potentia3
1860 3511 1889 3555 et
1904 3503 1927 3558 si
1942 3502 1995 3559 bet

353 3579 763 3652 Pateraliquoestiieusrergo
773 3581 936 3650 paternitate
945 3580 985 3636 rel
995 3581 1059 3637 alio.
1071 3582 1150 3650 item,
1204 3593 1297 3656 posset
1315 3585 1403 3652 Deus,
1423 3600 1478 3641 non
1499 3587 1672 3658 omnipotens
1689 3599 1754 3645 tune
1767 3591 1917 3662 diceretur,
1934 3599 1994 3666 gula

353 3672 436 3728 Pater
448 3672 565 3743 potentia
579 3672 726 3744 generandi
739 3681 829 3742 potest
841 3686 975 3744 generare
991 3689 998 3727 r
1012 3687 1077 3741 ergo
1086 3688 1152 3743 pos·
1205 3675 1276 3731 nulla
1289 3674 1409 3745 potentia
1421 3687 1464 3731 εει
1478 3692 1527 3747 per
1537 3696 1618 3748 oriam
1630 3681 1733 3751 atepdd
1745 3683 1779 3739 de
1793 3684 1866 3740 laeili
1879 3688 1994 3759 agiruua,

353 3766 435 3822 sibile
448 3775 492 3821 est
514 3765 622 3820 Patrem
637 3767 757 3835 potentia
774 3782 907 3837 generare
924 3781 1012 3838 :ergo
1025 3767 1153 3837 possibile
1204 3777 1230 3821 ει
1249 3766 1316 3823 nibil
1335 3768 1458 3833 delacili
1479 3768 1612 3838 patimur,
1628 3782 1654 3824 et
1676 3773 1713 3827 nil
1733 3775 1766 3830 de
1788 3774 1862 3832 taciti
1879 3781 1999 3849 agimus.-

353 3868 446 3932 potest
458 3859 533 3930 poni.
552 3851 673 3914 Porratu‘r
688 3859 755 3915 illud
769 3876 778 3913 r
792 3875 858 3931 ergo
872 3859 955 3915 Pater
968 3861 1089 3932 potentin
1106 3876 1153 3932 ge·
1204 3856 1281 3914 Unde
1300 3874 1382 3928 posse
1397 3875 1510 3929 peccare
1523 3878 1574 3918 nou
1587 3875 1629 3920 est
1645 3868 1776 3923 naturalis
1790 3875 1931 3941 potentia,
1945 3878 1998 3933 imo

353 3953 468 4009 uenandi
483 3963 608 4024 generat.
624 3953 677 4009 Sed
690 3955 761 4009 idern
778 3963 817 4009 cst
829 3955 949 4024 potentia
966 3956 1113 4024 gerrernndi
1125 3963 1152 4009 ει
1204 3951 1341 4006 naturalis
1365 3952 1550 4023 impotentias,
1569 3959 1641 4026 qrrod
1665 3960 1706 4015 sic
1727 3964 1807 4018 docet
1826 3964 1900 4037 Aug.
1921 3969 1995 4039 (2812

353 4045 472 4115 essentia
491 4044 538 4100 bei
554 4063 561 4100 :
578 4059 645 4117 ergo
664 4044 746 4100 Pater
766 4047 888 4101 essentia
907 4062 955 4102 sua
975 4055 1087 4117 generat
1105 4044 1153 4100 Fi·
1203 4042 1300 4112 lingua
1316 4043 1363 4098 Del
1381 4048 1554 4113 potentiaest
1568 4065 1622 4104 nou
1635 4066 1714 4120 posse
1729 4071 1854 4125 peecare,
1869 4076 1924 4116 nec
1939 4062 2000 4120 ideo

353 4137 419 4193 lium
437 4134 568 4193 :fallacia
587 4138 680 4208 primi.
698 4137 832 4195 Socrates
854 4139 975 4208 potentia
996 4155 1044 4195 sua
1062 4147 1153 4210 potest
1203 4139 1295 4194 miuus
1304 4150 1401 4211 potens
1411 4134 1613 4213 puraoousest,
1624 4147 1689 4215 quia
1702 4163 1817 4218 peccare
1831 4167 1885 4208 non
1897 4166 1999 4228 potest,

353 4244 465 4287 currere
482 4247 488 4285 :
506 4244 572 4298 ergo
585 4229 716 4300 possibile
733 4239 775 4288 εει
789 4230 938 4301 ¹Socratem
954 4232 1076 4300 potentia
1101 4246 1151 4287 sua
1203 4245 1266 4286 eum
1279 4232 1456 4304 omnipotens
1471 4234 1627 4293 mdlatemrs
1640 4240 1676 4294 sit
1692 4241 1738 4310 qui
1756 4242 1808 4298 boc
1823 4260 1878 4301 non
1895 4255 1996 4317 potest.

354 4336 477 4380 currere,
1203 4326 1288 4394 ltem,
1302 4325 1374 4383 beris
1388 4343 1443 4384 non
1459 4339 1548 4400 potest
1563 4330 1725 4400 ambulare,
1739 4337 1887 4394 comedere
1906 4350 1934 4395 et
1948 4341 1999 4396 bu·

390 4413 425 4466 Et
442 4420 505 4468 unta
522 4411 585 4484 quie
598 4427 660 4467 cum
676 4412 733 4469 sint
748 4413 807 4469 baec
820 4411 875 4469 duo
892 4413 994 4480 rerba,
1011 4411 1092 4469 Pater
1103 4429 1151 4484 pe·
1200 4419 1334 4490 jusmodi,
1354 4434 1436 4489 posse
1451 4421 1595 4479 ambulare
1608 4437 1650 4480 εει
1667 4440 1746 4496 posse
1763 4428 1829 4498 qnid
1845 4445 1854 4485 a
1868 4445 1936 4504 ergo
1948 4431 2000 4489 ali-

354 4513 401 4557 tert
414 4519 550 4575 generare,
567 4513 715 4574 utrumque
729 4511 820 4574 potest
834 4505 1064 4561 determinatione
1081 4508 1151 4561 recl·
1203 4511 1322 4580 quidest
1337 4513 1409 4581 quod
1422 4512 1492 4569 Deus
1509 4530 1564 4570 nou
1578 4528 1676 4587 potest.

353 4612 420 4666 pere
435 4597 602 4666 ablativum3
617 4599 665 4653 sed
682 4598 733 4653 boc
748 4597 1043 4668 nebulosumque
1057 4612 1150 4653 esseu-
1166 4613 1189 4671 p
1239 4601 1304 4656 item
1318 4605 1467 4658 notandum
1479 4616 1522 4660 est
1538 4610 1610 4677 quod
1625 4610 1682 4665 hacc
1697 4611 1924 4681 omrriasnbjecta
1937 4627 2001 4676 suut

355 4690 420 4746 tialc
433 4700 485 4757 est,
503 4690 652 4747 ablativum
667 4688 852 4746 essentialiter
866 4689 975 4760 recipit,
989 4700 1016 4744 et
1030 4689 1077 4759 qni
1094 4704 1149 4744 non
1202 4691 1448 4764 dtrinaepounue,
1459 4699 1521 4766 onia
1535 4701 1607 4768 prrod
1622 4702 1866 4772 aliquisambulat,
1878 4709 2001 4781 loquitur

355 4783 489 4839 relatione
502 4784 636 4855 designet.
653 4783 827 4851 Ecorrtrario,
842 4783 906 4854 quia
920 4781 971 4837 boc
983 4783 1095 4837 verbum
1106 4797 1150 4854 pe·
1202 4794 1230 4839 ει
1243 4785 1399 4853 husjusmodi
1413 4827 1421 4855 ,
1437 4791 1489 4845 boc
1503 4791 1570 4848 lacit
1593 4797 1715 4864 potentia
1732 4798 1778 4854 bet
1794 4812 1929 4870 auctore,
1945 4819 2000 4860 non

355 4892 449 4930 oerore
467 4877 608 4932 notionem
624 4877 676 4948 16
687 4886 775 4943 notat,
793 4875 943 4932 ablativum
956 4875 1095 4931 relationis
1108 4890 1151 4931 re·

354 4966 420 5035 cipit
441 4981 496 5022 nou
520 4969 655 5024 essentie.
679 4969 760 5027 Unde
785 4984 908 5041 congrue
932 4966 1151 5035 dieitur,1‘nter

354 5059 477 5130 putentia
497 5074 545 5114 sun
567 5068 654 5130 potest
671 5061 849 5132 generatione
864 5075 1006 5132 generare.
1027 5059 1081 5117 Sed
1094 5074 1149 5115 non

354 5151 384 5201 bt
404 5147 584 5216 permutatio,
599 5147 672 5202 sicut
686 5149 788 5204 dicitur
801 5150 930 5207 Socrates
944 5151 1086 5207 volumtate
1100 5164 1150 5205 sua

354 5237 412 5292 vult
427 5237 542 5307 pedibus
555 5254 677 5307 currere,
693 5241 747 5305 rel,
760 5241 886 5299 Socrates
903 5245 984 5301 lrmlie
999 5255 1052 5309 est,
1066 5245 1150 5300 mori-

354 5335 433 5385 turus
449 5345 523 5388 eras.
539 5331 621 5396 ltem,
642 5334 763 5403 potentia
777 5337 928 5405 generandi
944 5350 985 5393 εει
1001 5336 1028 5391 in
1044 5336 1148 5406 aliquo,

355 5419 421 5475 illud
436 5434 478 5478 εει
492 5423 564 5479 berra
581 5440 590 5480 r
607 5440 673 5497 ergo
689 5426 793 5497 aliquid
808 5428 881 5497 quod
895 5437 938 5484 est
954 5430 1041 5493 bens,
1060 5439 1150 5500 potest

355 5527 499 5581 generare.
514 5516 542 5570 Si
557 5517 630 5571 dicat
644 5520 716 5587 quod
729 5519 852 5590 potentin
869 5521 1017 5590 generandi
1031 5521 1056 5575 in
1073 5521 1150 5578 nullo

355 5617 400 5663 εει
410 5627 416 5662 :
428 5624 492 5679 ergo
503 5611 625 5681 potentia
639 5614 787 5681 generandi
800 5614 837 5670 nil
847 5624 889 5671 cst
899 5624 1006 5685 potens,
1017 5625 1046 5672 ct
1058 5625 1150 5675 tamen

356 5702 477 5767 potentia
500 5705 647 5769 gerremmli
670 5706 750 5762 l‘atcr
770 5716 813 5762 εει
836 5716 932 5777 potens
950 5726 957 5763 :
972 5723 1038 5781 ergo
1055 5711 1149 5768 Deus:

394 5810 448 5882 (⁹2⁰)
462 5812 530 5884 llag.
549 5831 568 5879 r,
583 5818 609 5870 il.
625 5816 670 5873 19..

393 5882 450 5955 tat)
465 5884 541 5955 ripn-l
554 5886 623 5959 Mag.
653 5886 728 5954 ibid,
746 5885 760 5959 5
776 5888 803 5942 1.

1203 4885 1292 4932 ιεειεε
1305 4879 1376 4936 beris
1396 4883 1423 4936 iu
1442 4897 1491 4938 sua
1513 4887 1633 4941 essentia
1650 4888 1702 4944 boc
1715 4899 1807 4959 potest
1827 4896 2001 4966 agereque

1201 4984 1255 5024 uou
1269 4972 1353 5027 habet
1367 4973 1565 5045 instrumenta,
1578 4981 1678 5049 quibus
1693 4982 1720 5036 in
1735 4997 1783 5037 sua
1796 4985 1918 5040 essentia
1933 4987 2002 5043 tales

1202 5064 1324 5121 actiones
1344 5077 1482 5124 exerceat.
1506 5068 1575 5124 Cum
1593 5080 1684 5129 autem
1708 5075 1820 5142 dicitur,
1848 5077 1922 5134 bens
1945 5093 2001 5134 nou

1201 5166 1294 5228 potest
1307 5159 1468 5228 ambulare,
1487 5163 1530 5218 uel
1548 5165 1653 5233 bibere,
1672 5177 1720 5224 εει
1732 5169 1826 5240 loqui,
1839 5186 1894 5228 uon
1911 5190 2003 5231 rerrru·

1201 5259 1282 5305 netur
1293 5248 1396 5322 aliquid
1409 5268 1424 5307 a
1435 5257 1558 5325 potentia
1572 5257 1619 5311 bei
1633 5259 1701 5329 (ea),
1717 5262 1764 5316 sed
1780 5271 1888 5317 tardum
1904 5267 2003 5321 ειεειεε

1202 5343 1248 5411 qiu
1264 5345 1386 5414 pertinet
1399 5346 1433 5399 ad
1445 5346 1583 5405 delectum
1595 5359 1623 5404 et
1634 5351 1824 5409 infirmitatem
1843 5357 2001 5423 lromiumn,

1203 5435 1245 5489 rel
1264 5440 1475 5508 eorumqnibus
1488 5441 1539 5496 lroc
1552 5446 1696 5512 convenit';
1712 5447 1787 5515 quia,
1801 5446 1865 5503 lieet
1878 5451 1931 5504 lroe
1945 5467 2002 5508 nan

1202 5526 1286 5582 iaciat
1302 5529 1328 5586 iu
1342 5545 1390 5597 se,
1405 5531 1472 5586 lacit
1493 5533 1520 5588 iu
1534 5534 1611 5600 aliis,
1628 5539 1699 5594 sieut
1714 5554 1776 5594 eum
1798 5539 1910 5607 dicitur,
1927 5542 2002 5600 Deus

1202 5637 1256 5677 uon
1277 5634 1321 5679 εει
1341 5623 1368 5679 in
1392 5627 1520 5695 caputio,
1540 5628 1584 5685 rel
1607 5630 1634 5686 in
1656 5632 1739 5689 bursa
1754 5635 1844 5689 istius.
1861 5632 1922 5692 Nun
1936 5636 2002 5693 idua

1203 5713 1294 5768 miuus
1312 5729 1408 5770 rerum
1425 5727 1486 5785 cst,
1509 5720 1579 5777 [leus
1592 5731 1635 5779 est
1653 5724 1680 5779 in
1698 5727 1772 5781 omni
1789 5725 1850 5783 loco
1864 5714 2000 5789 essentia-

1239 5827 1297 5895 (Sbl
1313 5828 1346 5883 V.
1358 5833 1440 5901 Aug..
1456 5831 1475 5886 l.
1489 5849 1525 5887 nr
1539 5822 1579 5892 De
1593 5837 1700 5908 Triuia,
1716 5856 1741 5898 e.
1758 5841 1800 5897 15.

1234 5898 1295 5972 129)
1311 5898 1393 5971 flag..
1406 5902 1486 5973 ibid,
1498 5903 1515 5978 ἦ
1530 5905 1557 5963 b.
