4425 6450
238 476 296 533 265
529 474 725 533 stupores,
745 505 780 521 ·-
798 474 902 533 sealt.
919 477 1021 538 XLl'll.
1042 480 1074 535 tlt
1096 479 1405 542 pullulantium
1428 483 1585 545 utttcthts.
1818 485 1872 541 280

236 592 316 658 eruli,
331 590 377 679 sed
395 590 510 659 potiusa
527 590 614 662 teipso
635 592 821 662 philosophari
851 594 978 664 incipias,
1002 601 1032 649 ιιι
1047 613 1069 670 Α
1084 595 1227 652 ricatiouis
1237 597 1366 656 delictum
1379 602 1513 669 ablueret,
1525 610 1664 669 repararet
1679 603 1874 670 tonoceutiam,

236 688 335 743 rideas
346 685 411 756 quid
426 698 468 748 es,
483 684 548 753 qnid
566 700 627 741 esse
651 685 793 753 debueras,
808 688 912 758 etquid
925 687 1032 744 tuturus
1084 688 1207 770 placaret
1219 690 1288 747 iram
1300 692 1416 749 districti
1426 694 1538 760 ltnliris,
1552 693 1669 764 aperiret
1682 702 1788 762 portatu
1799 694 1873 761 coeli,

235 778 387 847 ostioque
407 775 480 851 enim
507 775 612 829 tuotlica
640 776 755 831 scientia
778 786 822 832 est
845 779 964 846 seipsum
988 794 1035 834 ro·
1083 789 1112 837 et
1127 782 1244 851 captiuis
1257 783 1395 840 conferret
1410 785 1576 841 libertatem.
1593 781 1621 840 Ιιι
1636 785 1692 850 ipsa
1704 784 1775 840 enlm
1786 787 1877 845 onmis

235 864 386 943 grroscere,
398 886 430 926 eo
442 869 634 941 qrtoddecoelo
645 870 898 944 descenderityrelt
910 874 1031 939 essoris,
1084 873 1172 942 gratia
1188 874 1239 928 rie
1258 883 1287 929 et
1301 877 1437 941 ueritatis,
1460 887 1487 932 et
1506 876 1533 931 in
1553 866 1717 947 ipsa‘omnis
1730 893 1791 942 spes
1813 878 1878 938 ritae

235 965 312 1035 qnod
324 974 384 1020 est:
398 963 541 1033 Cognosce
556 965 685 1034 teipsum.
699 962 781 1019 Forte
792 964 814 1018 si
827 974 990 1033 qttaratura
1007 974 1033 1021 te
1082 971 1111 1018 et
1132 965 1252 1020 uirtutis.
1278 965 1336 1020 b'on
1361 966 1423 1023 talis
1439 978 1525 1023 ntatcr
1541 967 1585 1022 illa
1601 984 1660 1038 quae
1680 984 1762 1039 super
1776 970 1874 1026 taciem

234 1057 304 1127 qnid
316 1056 366 1117 sis.
382 1055 573 1125 philosophice
601 1054 778 1125 respondebis
802 1055 903 1109 auitttal
920 1057 1033 1112 mortale
1084 1056 1220 1111 uniuersa
1237 1065 1317 1113 terrae
1332 1059 1473 1115 decretum
1489 1057 1688 1114 maledictionis
1707 1069 1736 1114 et
1750 1075 1790 1115 rar
1805 1075 1873 1132 qna·

235 1150 385 1212 rationale.
404 1149 541 1220 qutiuhaec
563 1163 626 1203 rera
654 1148 773 1204 houtiuls
796 1148 1034 1205 dilliuitioest.llt
1083 1146 1874 1219 drilariusuinduxit,quopremuutttromnesbllilltlama
1946 1132 1948 1135 Ι

235 1257 304 1297 ecce
321 1242 422 1296 animal
449 1242 496 1295 dat
524 1239 571 1294 tibi
587 1238 694 1308 peccati
715 1247 887 1303 uetustatem,
918 1238 1032 1293 mortale
1082 1237 1127 1294 die
1141 1248 1218 1293 ortus
1231 1239 1272 1295 sui
1291 1256 1377 1311 usque
1392 1241 1419 1296 itt
1434 1242 1504 1296 dictu
1517 1243 1663 1312 sepulturas
1677 1258 1743 1299 suto.

236 1347 329 1403 poenae
343 1333 546 1393 necessitatem.
557 1331 692 1388 rationale
706 1332 845 1386 coelestem
858 1331 1030 1401 dignitatem.
1119 1329 1147 1384 Si
1171 1346 1224 1384 uon
1241 1333 1338 1388 recolis
1352 1334 1468 1403 primum
1486 1351 1534 1398 ιω,
1549 1336 1621 1405 quod
1637 1351 1685 1405 per
1701 1337 1784 1391 Erant
1799 1339 1876 1392 datu·

234 1424 306 1479 Catu
320 1437 385 1493 ergo
398 1423 474 1477 trudis
487 1422 599 1487 anitual,
610 1422 707 1493 plange
716 1423 851 1476 iniseriam
866 1433 950 1486 luant,
966 1423 1030 1491 ιμιῐιι
1083 1430 1147 1474 nata
1164 1429 1206 1475 est
1221 1421 1340 1477 bumana
1354 1426 1511 1494 posternas,
1529 1426 1651 1495 suggerit
1666 1427 1713 1481 tibi
1736 1426 1800 1482 illud
1814 1429 1874 1483 lau·

234 1513 339 1571 anlntal
358 1524 386 1568 et
398 1523 524 1582 peccator
540 1529 579 1569 cs.
596 1514 663 1568 Cum
683 1514 762 1568 audis
775 1514 899 1578 mortale,
915 1511 1030 1568 lornritla
1082 1524 1152 1579 puer
1165 1511 1351 1582 corruptionis
1374 1528 1524 1583 corporea.
1550 1516 1716 1581 Secundum,
1739 1527 1875 1587 tempora·

237 1606 334 1677 iguem
349 1618 494 1669 aternum,
516 1605 577 1672 quin
591 1603 619 1657 in
634 1605 708 1658 bretti
722 1605 869 1659 moriturus
891 1619 932 1658 es.
963 1602 1031 1658 Cum
1083 1599 1148 1656 lium
1167 1618 1357 1673 pressurarum
1370 1607 1510 1662 molestia.
1525 1607 1659 1672 Tertium.
1675 1609 1773 1665 oeettlti
1787 1611 1874 1667 hostis

234 1700 317 1754 aurlis
334 1696 478 1761 rationale,
506 1694 596 1752 recole
620 1696 782 1765 dignitatem
808 1703 894 1759 tuam,
921 1695 982 1764 quia
998 1694 1031 1751 ad
1083 1692 1198 1749 insidiae.
1222 1694 1371 1763 Quartum,
1396 1710 1527 1755 extrema
1551 1700 1661 1757 ultionis
1686 1706 1827 1774 caputia.
1852 1704 1874 1760 (l

237 1788 453 1861 itnagiuctnllci
477 1788 565 1843 lactus
593 1802 634 1843 cs.
661 1787 730 1842 Audi
764 1786 1029 1859 ltomuethttellipe‚
1083 1784 1138 1839 Era
1157 1797 1246 1842 mater
1268 1788 1359 1857 impia,
1375 1806 1435 1859 quae
1457 1790 1526 1847 ultas
1542 1802 1602 1847 tuas
1614 1805 1678 1850 autc
1697 1810 1778 1850 ueras
1791 1812 1873 1866 quant

233 1882 312 1955 qrtotl
326 1881 471 1937 rationalis
484 1890 512 1936 ct
526 1881 649 1936 mortalis
664 1878 820 1950 appellaris,
837 1879 970 1948 siquidem
984 1894 1029 1933 ra·
1082 1876 1184 1945 parias,
1199 1886 1227 1930 nt
1242 1878 1306 1945 tptid
1329 1880 1381 1934 boc
1394 1879 1504 1936 fecisti!
1528 1882 1620 1949 Quare
1642 1884 1770 1940 induxisti
1792 1902 1875 1957 super

235 1972 341 2029 tionale
357 1972 389 2026 ad
403 1972 498 2034 ritatn,
515 1971 629 2027 mortale
641 1972 675 2026 ad
690 1980 803 2026 morteto
818 1970 945 2041 pertinet.
961 1969 1032 2040 Ergo
1048 1970 1070 2026 B
1084 1974 1150 2020 teet
1167 1983 1249 2036 super
1270 1968 1330 2023 illas
1345 1980 1488 2039 precatum
1502 1975 1624 2044 grando?
1638 1976 1689 2031 Sed
1703 1977 1737 2031 ad
1754 1985 1779 2033 te
1795 1979 1874 2033 bosra

233 2066 260 2119 si
273 2076 347 2120 tuam
363 2065 447 2133 ipsius
469 2061 659 2119 dilllnitioneut
675 2063 815 2133 intelligis,
834 2077 909 2118 mors
928 2070 955 2117 et
973 2062 1029 2115 rita
1083 2058 1167 2129 Virgo
1182 2058 1267 2115 llario
1283 2063 1432 2133 respiciunt
1456 2066 1541 2121 ruinae
1556 2068 1635 2121 istius
1651 2068 1798 2136 levamina,
1813 2086 1874 2141 qrtae

235 2161 316 2215 circa
333 2158 513 2223 tedltulcanl,
529 2155 606 2225 cujus
629 2157 735 2211 illurnut
757 2156 846 2225 potius
861 2157 967 2211 iuturus
981 2156 1029 2211 sis.
1079 2148 1138 2219 idn!
1158 2151 1222 2205 olim
1247 2151 1273 2206 iu
1299 2154 1356 2223 lege
1375 2169 1404 2209 ct
1427 2158 1568 2228 prophetis
1591 2160 1768 2230 repromissa,
1790 2164 1875 2233 siguis

234 2247 318 2303 Nunc
331 2262 398 2318 ergo
413 2247 553 2316 sapienter
567 2246 761 2317 philosophare
774 2256 803 2302 et
824 2247 1031 2318 circunspectus
1082 2242 1275 2313 multiplicibus
1296 2256 1461 2315 praeostensa
1474 2264 1514 2312 es,
1526 2258 1555 2302 ιιι
1569 2249 1594 2304 in
1612 2261 1656 2305 tuo
1666 2261 1726 2308 ortu
1740 2268 1814 2323 spent
1828 2269 1875 2310 re·

234 2350 310 2401 esto,
327 2347 418 2392 utruet
432 2337 521 2409 potitis
536 2336 632 2408 eligas,
648 2354 681 2392 au
702 2337 774 2393 itlius
791 2338 896 2404 mortis,
912 2353 946 2390 au
960 2336 1032 2393 lilius
1082 2335 1135 2390 niae
1149 2348 1304 2408 peccatores
1316 2351 1447 2411 ponerent
1467 2349 1495 2398 et
1505 2357 1538 2397 es
1548 2345 1789 2418 promissionejam
1802 2345 1874 2404 lacta

234 2430 302 2482 ritae
315 2437 414 2484 essert
426 2427 561 2482 nominari
573 2428 585 2481 l
598 2427 711 2495 Quodsi
739 2428 826 2495 tnagis
853 2428 938 2481 vitam
949 2442 1031 2496 quam
1081 2424 1117 2480 de
1133 2434 1159 2481 te
1174 2429 1321 2499 patientius
1341 2446 1398 2486 suae
1417 2431 1534 2487 miseriae
1551 2436 1688 2489 cutttnlusu
1714 2436 1872 2493 tolerarent.

235 2530 356 2576 mortem
372 2518 461 2587 slipis,
479 2534 547 2575 case
575 2535 610 2576 ue
631 2521 703 2577 male
720 2521 836 2577 riretnlo
855 2522 890 2576 ab
914 2520 971 2586 illo,
983 2519 1030 2590 qui
1118 2516 1165 2573 iis
1178 2534 1253 2589 erpo,
1268 2530 1433 2590 oprccator,
1449 2524 1716 2583 audirollariamtibi
1729 2532 1874 2599 repromis-

235 2627 305 2669 rera
321 2611 374 2665 uita
395 2621 449 2676 est,
467 2613 598 2681 discedot,
618 2614 677 2684 ipso
693 2613 798 2669 dicente
812 2631 820 2667 t
835 2613 890 2682 Ego
903 2628 961 2669 sunt
988 2612 1031 2669 ria
1082 2612 1161 2666 satu?
1181 2611 1280 2667 becole
1296 2613 1399 2682 uirgam
1415 2612 1492 2671 lesse
1509 2620 1542 2670 de
1562 2631 1615 2685 qua
1638 2616 1731 2673 Esaias
1753 2619 1873 2690 loquitur

236 2707 343 2763 veritas
354 2718 382 2759 ct
394 2706 448 2760 rita
464 2705 556 2777 (donn.
571 2705 873 2777 nestorianorum
890 2704 941 2759 hoc
951 2717 1032 2773 opor·
1083 2701 1308 2773 (lso.tt),eteccc
1319 2704 1345 2758 in
1356 2706 1619 2774 eapromittiturtibi
1631 2708 1758 2764 natirltas
1768 2709 1869 2765 llariae.

237 2799 292 2853 tuit
301 2798 438 2862 laccrc‚et
449 2799 513 2853 illud
529 2814 581 2853 nou
593 2797 728 2861 omittere,
753 2797 792 2852 sic
806 2798 896 2851 discas
908 2806 938 2849 ιιι
948 2795 1031 2851 etiam
1085 2793 1185 2851 llecolc
1196 2809 1289 2850 aream
1304 2798 1471 2861 testamenti,
1483 2812 1543 2867 qttae
1559 2800 1734 2869 operiebatur
1747 2815 1814 2855 auro
1826 2816 1873 2870 pu·

237 2888 415 2955 boneviras,
435 2888 475 2945 sic
494 2884 1030 2959 umasapientiamneperdasjnstitiasu.
1083 2887 1194 2944 rissiuto
1215 2885 1320 2958 (uxot.
1348 2888 1469 2959 xxxtttl,
1501 2898 1529 2944 et
1551 2889 1577 2944 iu
1600 2905 1632 2945 ca
1663 2891 1795 2961 liguratur
1823 2893 1873 2947 tibi

238 2978 964 3042 hamerstdtscerebonnmestsctlcortehonertrere
975 2993 1032 3033 uta·
1082 2978 1174 3034 llarire
1188 2978 1338 3050 rtrgtnttas.
1354 2977 1452 3035 Recole
1475 2978 1617 3036 lloreutem
1633 2981 1815 3054 atnypdatun,
1839 2986 1873 3038 de

239 3071 285 3140 gis
303 3071 498 3125 necessarium.
512 3068 547 3125 th
564 3084 630 3139 ergo
643 3070 724 3124 linem
733 3069 857 3138 loquendi
869 3069 971 3140 pariter
983 3085 1031 3123 au·
1082 3087 1135 3143 quta
1150 3069 1279 3127 Salomon
1298 3068 1428 3139 loquitur,
1444 3080 1471 3126 et
1486 3071 1523 3126 ihi
1537 3072 1584 3127 tibi
1596 3071 1768 3141 significatur
1782 3072 1873 3128 llari-ae

238 3160 359 3227 diamtts,
374 3162 458 3218 bcunt
481 3163 589 3228 timere,
605 3172 632 3217 et
649 3162 774 3217 tumulata
796 3161 855 3233 eins
869 3163 1028 3228 obseruare,
1084 3161 1255 3216 loecuuditas.
1280 3160 1380 3217 Recole
1395 3160 1527 3217 lerculum
1550 3160 1716 3229 salomouis,
1730 3163 1808 3233 cnjus
1823 3181 1872 3222 co·

239 3257 293 3312 hnc
307 3264 360 3324 est,
375 3256 463 3311 omnis
478 3255 569 3311 bomo.
593 3255 712 3324 ideoque
732 3254 813 3310 studii
831 3256 917 3310 nostri
933 3271 1031 3326 propo·
1083 3255 1182 3310 tttnna
1197 3264 1343 3325 argenteae,
1365 3253 1570 3309 reclinatorium
1595 3269 1719 3323 aureum,
1743 3272 1873 3315 ascensus

239 3347 324 3400 situm
341 3354 369 3401 ct
384 3347 445 3401 ritae
462 3360 636 3416 progressum
652 3346 678 3401 iu
691 3347 743 3402 hoc
758 3361 891 3402 conemur
903 3363 1031 3402 cottsunt·
1083 3359 1235 3414 purpureus
1255 3343 1344 3415 (Cant.
1357 3346 1412 3416 ιιι),
1434 3354 1462 3401 et
1482 3345 1518 3400 ibi
1534 3347 1687 3404 ostenditur
1710 3349 1765 3420 tibi
1781 3351 1874 3408 blarire

240 3437 1032 3509 marc,utscientiauitatnuostratnreparatritascien·
1084 3435 1182 3506 regalis
1204 3435 1333 3507 dignitas.
1366 3434 1444 3491 Unde
1466 3437 1548 3492 etiarn
1566 3445 1594 3494 ct
1613 3437 1692 3496 oliuae
1714 3454 1871 3514 comparata

240 3529 308 3585 tiam
322 3530 467 3595 custodiat,
483 3538 510 3583 ut
528 3530 568 3585 sic
583 3530 610 3585 iu
631 3539 746 3600 utrotpte
763 3530 936 3602 proterentes
954 3541 1030 3587 recta
1081 3534 1125 3580 est
1150 3536 1263 3598 propter
1286 3525 1481 3596 plenitudinem
1504 3530 1675 3599 gratiarum,
1700 3533 1727 3588 itt
1751 3535 1873 3606 capitula

239 3624 284 3676 ria
305 3622 464 3693 gradiamur
477 3625 512 3677 atl
535 3621 608 3676 illant
634 3622 830 3678 beatitudiuem
845 3634 984 3684 aeternam,
1003 3624 1029 3677 iu
1081 3621 1154 3688 qnod
1177 3619 1359 3688 premisimus
1373 3619 1400 3674 in
1425 3621 1483 3676 hac
1498 3623 1579 3677 rerba
1597 3622 1704 3691 :Quasi
1721 3626 1791 3682 oliva
1808 3643 1872 3698 spe·

239 3728 295 3785 qua
312 3721 353 3768 est
369 3712 508 3784 plenitudo
526 3714 647 3769 scientiae
669 3724 696 3769 et
718 3714 914 3769 ttrasttrnabttts
929 3712 1030 3782 jucun·
1082 3712 1155 3765 ciosa
1177 3709 1204 3764 in
1219 3713 1323 3780 campis
1338 3719 1365 3765 et
1376 3720 1487 3767 caetera.
1513 3712 1542 3768 st
1561 3715 1634 3769 enim
1653 3716 1733 3772 olinae
1749 3720 1873 3790 proprie·

240 3806 315 3862 ditas
329 3808 400 3870 nite,
414 3821 496 3878 quatu
511 3821 599 3876 usqne
610 3805 706 3864 oculus
720 3808 789 3863 ridit
803 3822 852 3863 uec
863 3808 938 3862 ansis
953 3806 1031 3861 audi·
1082 3808 1164 3855 talem
1188 3800 1376 3870 inspiciamus,
1403 3802 1430 3856 in
1454 3802 1507 3857 hoc
1529 3804 1618 3873 primo
1639 3804 1778 3876 eleganter
1804 3809 1873 3866 satis

238 3902 293 3968 rit,
307 3916 392 3971 ttetpte
405 3901 432 3956 in
450 3917 500 3958 cor
515 3902 632 3957 ltoutinls
646 3902 781 3968 ascendit,
796 3910 827 3957 ut
842 3902 911 3957 [leus
925 3914 1028 3971 prapa-
1081 3894 1169 3949 beatae
1181 3892 1274 3949 llariae
1288 3897 1425 3966 congruit,
1439 3897 1506 3967 qnia
1520 3898 1592 3953 viret
1608 3900 1707 3970 hyeme
1720 3906 1747 3952 et
1765 3907 1872 3967 aestate,

241 3994 316 4049 rasit
328 3992 502 4062 diligentibus
513 4006 553 4048 se.
569 3990 656 4060 Quam
672 3992 750 4047 uobis
763 4002 894 4063 prestare
904 3988 1031 4059 dignetur
1081 4002 1133 4042 uec
1143 3986 1233 4056 aliqua
1245 3987 1358 4058 trigoris
1369 3991 1427 4042 sire
1440 3988 1622 4059 tempestatis,
1633 3998 1680 4045 aut
1689 3991 1770 4047 etiam
1782 3989 1872 4047 aestlsl

241 4087 299 4154 lpse
317 4082 447 4138 bertuinus
462 4099 555 4140 noster
568 4083 648 4141 lesus
663 4083 802 4149 etntstus,
822 4082 899 4150 cuius
917 4095 1030 4153 reguum
1080 4080 1182 4137 caloris
1195 4081 1405 4153 intemperantia
1418 4083 1538 4155 speciem
1554 4098 1612 4139 sure
1629 4083 1775 4140 ririditatis
1791 4083 1872 4139 amit·

239 4187 269 4233 et
282 4176 426 4246 imperium
441 4185 585 4248 permanet
600 4176 627 4230 in
647 4176 739 4232 secula
754 4177 918 4232 seculorum.
932 4176 1029 4230 Amen.
1082 4173 1125 4226 ιιι.
1147 4170 1253 4228 AEstate
1272 4182 1361 4230 autern
1387 4173 1487 4230 lutura
1509 4174 1571 4230 ritae
1588 4173 1700 4230 claritas
1714 4171 1871 4243 accipientis

516 4265 632 4322 suello
650 4264 753 4320 tttttl.
1082 4274 1133 4328 cst,
1151 4265 1223 4319 sicut
1238 4263 1266 4319 itt
1281 4263 1431 4338 Evangelio
1444 4266 1577 4322 bontiuus
1590 4265 1657 4321 dicit
1667 4265 1700 4322 de
1711 4265 1870 4322 arboribusz

345 4372 372 4412 ta
390 4372 556 4413 ntrtrtrsrs
574 4371 669 4411 usare
688 4369 805 4410 rtttotms
823 4370 926 4411 state.
1081 4355 1149 4410 Cum
1162 4359 1314 4426 producunt
1325 4372 1359 4412 er
1372 4372 1402 4414 se
1415 4356 1546 4426 lmctutn,
1560 4358 1637 4414 scitis
1648 4357 1776 4429 quioniam
1788 4371 1872 4427 propa

278 4449 362 4515 Queri
377 4449 446 4504 oliuu
466 4450 583 4520 specioso
602 4449 630 4504 in
649 4451 761 4518 eampis,
777 4458 801 4503 et
815 4451 891 4519 quasi
905 4450 1030 4518 platanus
1081 4452 1124 4500 cst
1138 4454 1228 4510 aestas,
1242 4459 1303 4514 quae
1316 4446 1377 4503 theo
1391 4447 1478 4502 aestati
1494 4453 1679 4516 cotnparatur,
1694 4447 1758 4517 quia
1776 4459 1808 4501 ea
1821 4446 1872 4500 ad·

238 4542 358 4597 exaltata
376 4558 433 4596 suns
451 4541 531 4611 justa
548 4558 645 4612 apsent
662 4542 689 4595 in
709 4541 804 4611 plateis
818 4538 915 4612 (Ecrli.
932 4540 1029 4610 uxun).
1082 4537 1221 4603 ueniente,
1242 4546 1269 4592 et
1292 4538 1419 4594 mtrroris
1442 4537 1528 4594 nostrl
1554 4539 1823 4607 nubila-transeunt,
1843 4547 1873 4595 el

241 4635 387 4689 llotliernae
410 4633 463 4688 tlici
486 4633 619 4690 lestirilas
638 4634 735 4689 divinis
756 4632 879 4688 laudibus
900 4643 929 4687 et
949 4634 1030 4689 obse·
1046 4642 1068 4698 p
1082 4630 1145 4684 rttao
1163 4630 1222 4685 dies
1241 4629 1336 4685 aterni
1352 4628 1417 4684 solis
1430 4629 1557 4685 claritate
1580 4629 1742 4698 fulgescunt.
1758 4630 1871 4701 llyemis

239 4729 316 4798 qrriis
332 4742 382 4793 nos
396 4737 487 4782 manet
501 4741 563 4782 csse
581 4727 713 4792 intentos,
734 4724 761 4779 in
783 4739 835 4795 qna
851 4733 931 4778 autor
948 4725 1030 4780 tuira-
1081 4735 1147 4773 roro
1163 4719 1272 4774 nornine
1287 4733 1406 4789 praesens
1430 4720 1485 4774 rita
1509 4719 1668 4789 accipienda
1692 4728 1744 4782 cst,
1765 4734 1826 4791 quae
1842 4729 1872 4775 et

240 4818 338 4874 billum
362 4819 433 4873 botis
447 4830 559 4873 aeternae
579 4817 823 4888 praedestinationis
847 4830 988 4883 arcanum,
1003 4825 1032 4870 et
1081 4810 1258 4868 mortalitatis
1272 4811 1435 4879 astringitur
1450 4809 1564 4880 frigore,
1575 4809 1730 4866 etdirersis
1741 4811 1871 4866 tetttatio·

241 4907 434 4980 promissionis
457 4922 512 4963 sua
537 4909 680 4964 ueritatem
706 4921 754 4977 per
770 4906 875 4961 beatam
892 4904 1030 4975 Virginem
1082 4918 1147 4960 nutu
1163 4903 1251 4959 tentis
1266 4902 1424 4973 impellitur,
1437 4901 1471 4956 de
1486 4916 1539 4971 qua
1558 4901 1584 4956 ln
1599 4900 1723 4959 canticis
1736 4902 1870 4974 scriptum

242 4999 346 5055 uruudo
360 4999 446 5055 soluit
465 5014 599 5056 reserare.
623 4998 757 5056 lltrtnibns
775 5013 841 5069 erpo
862 4997 945 5051 animi
959 4997 1032 5053 rotis
1080 5006 1125 5050 est
1137 5012 1145 5049 ι
1159 4992 1220 5049 latu
1247 4994 1319 5048 enim
1335 4994 1432 5064 hyems
1451 4993 1570 5057 transiit,
1595 4995 1684 5050 imber
1700 4995 1766 5051 abiit
1779 5005 1807 5051 ct
1827 5010 1873 5051 re·

240 5092 429 5162 amplectenda
452 5102 515 5148 sttut
537 5092 646 5163 pattdia,
669 5107 728 5161 tpnae
747 5089 837 5145 Martae
860 5089 1029 5145 nstititntent
1080 5080 1174 5142 cessit.
1189 5083 1266 5142 Olira
1286 5100 1353 5157 ergo
1369 5095 1460 5139 nostra
1480 5096 1509 5141 st
1528 5095 1624 5142 astate
1642 5096 1671 5141 ot
1687 5086 1784 5158 ltyrtne
1798 5087 1872 5142 viro·

241 5183 369 5241 lestlrant
384 5181 501 5249 sariunt.
515 5194 545 5239 ut
559 5199 612 5240 uon
628 5185 715 5239 solum
732 5192 913 5255 portentuosa
930 5182 954 5237 in
968 5197 1031 5236 cor-
1082 5192 1139 5233 retu
1152 5192 1230 5232 suurn
1246 5177 1357 5241 retinet,
1371 5177 1436 5246 quia
1456 5178 1536 5232 bertta
1552 5176 1633 5246 llirgo
1650 5177 1734 5233 illaria
1757 5180 1870 5232 hutnore

241 5274 322 5349 pore,
337 5277 385 5332 setl
400 5285 430 5331 et
450 5278 550 5332 mentis
562 5275 660 5332 allecta
681 5275 805 5339 interius,
825 5290 858 5330 ac
880 5274 946 5328 loris
959 5280 1030 5327 atte-
1080 5270 1246 5343 spiritalium
1270 5271 1420 5344 gratiarum
1442 5269 1550 5341 perlusa
1575 5270 1718 5342 presentis
1733 5272 1795 5323 rita
1809 5263 1871 5322 'tnr-

240 5360 361 5429 statione
378 5370 511 5427 bonorum
531 5386 644 5442 operato
660 5384 867 5442 prosequamur,
883 5382 916 5423 ue
928 5366 1032 5422 sintiles
1081 5377 1147 5434 pore
1167 5376 1220 5419 nott
1241 5364 1325 5432 aruit,
1339 5369 1368 5418 et
1383 5371 1496 5417 aterna
1508 5357 1572 5417 ritas
1589 5363 1773 5418 arrtoenttatrnt
1798 5360 1871 5417 iuter

241 5464 299 5521 illis
311 5464 484 5521 inveniantur
495 5464 543 5536 qul
553 5463 631 5521 ludos
641 5475 669 5521 et
679 5474 772 5537 pesttts
785 5461 932 5518 theatrales
945 5461 1031 5515 libort-
1081 5468 1178 5522 omues
1195 5453 1265 5509 iulias
1276 5453 1339 5511 eta
1352 5452 1470 5525 gloriosa
1486 5455 1613 5524 urscepit.
1629 5451 1657 5507 ln
1669 5452 1719 5507 bac
1734 5451 1804 5505 oliva
1823 5464 1871 5504 ra·

241 5565 286 5610 ter
301 5555 440 5627 aspiciunt
456 5574 464 5612 :
479 5571 549 5629 quos
565 5566 654 5615 tamen
674 5555 779 5629 judicio
798 5555 911 5610 rationis
931 5555 1031 5624 impro·
1081 5538 1151 5612 mos,
1165 5545 1240 5608 lolia.
1267 5539 1398 5611 lructuu't,
1422 5555 1450 5601 et
1472 5545 1562 5601 oleum
1585 5544 1690 5615 pariter
1714 5541 1870 5599 oottslde‘ra.

241 5647 389 5706 mutereo
404 5649 477 5720 ottod
490 5650 587 5705 merito
602 5650 629 5703 in
655 5647 891 5720 reprehensionem
908 5645 1031 5710 veniunt,
1082 5637 1161 5694 ttant
1175 5636 1308 5707 siquidem
1325 5637 1384 5706 eius
1403 5645 1470 5694 sunt
1484 5637 1536 5692 uiri
1552 5635 1632 5707 justi,
1652 5649 1722 5707 quos
1740 5632 1871 5690 lloutiuns

242 5738 358 5795 minime
371 5739 486 5809 eupiunt
505 5740 617 5796 imitari.
640 5737 675 5794 ht
688 5753 749 5809 qne
764 5745 856 5809 petest
872 5732 958 5802 major
972 5746 1032 5789 esse
1082 5731 1109 5785 in
1128 5727 1276 5800 Evangelio
1290 5743 1383 5784 ramos
1401 5736 1494 5791 rorat,
1509 5728 1554 5785 ubi
1568 5728 1635 5783 dicit
1649 5728 1682 5783 do
1698 5740 1783 5800 grano
1795 5724 1871 5781 sina·

241 5824 410 5899 spiritalium
431 5830 593 5898 pauciorum
614 5830 727 5887 materia
750 5842 831 5898 quarn
861 5835 961 5881 nostre
985 5838 1030 5878 rc·
1081 5824 1134 5894 pis,
1147 5822 1218 5894 quod
1235 5820 1336 5877 lactant
1348 5830 1391 5877 est
1406 5822 1433 5875 in
1446 5819 1574 5876 arborem
1589 5835 1728 5898 stagnata.
1747 5829 1775 5875 et
1791 5818 1870 5872 rottr-

242 5920 409 5992 dautptlouls
423 5936 513 5976 arram
533 5921 697 5991 suscepisse,
713 5935 774 5991 quae
789 5929 908 5990 paterna
928 5930 1030 5986 praers·
1083 5928 1144 5970 cros
1158 5913 1219 5969 creli
1240 5912 1434 5982 requieverunt
1451 5913 1478 5970 itt
1501 5913 1585 5968 ramis
1598 5912 1656 5984 eius
1670 5911 1783 5983 tllotth.
1794 5905 1877 5975 otti„

409 6014 545 6076 l‘srsos.
564 6012 672 6086 ccxl.
1722 6006 1750 6069 b
