4425 6450
329 362 377 445 llil
754 358 948 418 tmusonis
961 359 1110 416 nubliis
1124 353 1501 417 seuldcxthsuuctldsls
1605 418 1608 425 .
1766 352 1770 359 ’
1908 353 1961 425 {52

316 439 405 526 dom
426 480 563 541 reputent,
582 471 628 541 qui
652 468 800 526 Domioicae
822 470 957 542 passionis
978 470 1116 528 miseriam
1131 471 1286 543 Aspicitali
1302 472 1484 530 accenditur:
1507 467 1590 526 stulta
1604 463 1707 537 rigilra,
1723 477 1806 537 quarn
1823 463 1895 520 uuila
1917 481 1960 520 se·

325 559 445 618 adeline
455 563 609 620 imitantur.
1169 563 1391 634 quitururiticas:
1404 578 1469 619 cura
1484 558 1631 631 superflua,
1647 573 1730 630 aquam
1753 555 1828 613 nulla
1844 556 1961 612 comita·

362 652 415 722 orti
432 664 512 724 putas
525 669 557 708 ca
574 653 633 710 istis
652 651 835 723 scripturam,
853 654 885 709 dc
904 668 957 725 qua
971 653 1054 710 locuti
1069 670 1117 711 su·
1169 664 1214 712 tur
1225 656 1369 712 securitas.
1383 655 1431 710 llic
1446 652 1537 709 anima
1552 650 1663 715 misera,
1683 649 1755 721 quud
1773 650 1801 705 io
1816 648 1861 703 lris
1872 649 1961 703 onini-

324 751 399 805 n'tua.
413 746 509 799 melius
524 746 697 817 intelligunt?
711 745 830 803 AEstiuro
846 748 919 817 quod
938 746 976 801 illi
1000 747 1047 818 qui
1061 762 1119 804 me·
1167 744 1219 803 bus
1234 743 1361 802 solatium
1373 746 1496 817 spiritus,
1510 744 1581 815 quod
1599 742 1663 797 huni
1681 740 1888 807 adminiculum,
1900 754 1960 809 quae

324 834 378 891 hats
389 834 555 902 alliciuntur,
570 846 664 906 utpote
682 838 727 908 qni
741 837 839 894 melios
850 837 962 903 affectu,
978 854 1059 909 quam
1077 842 1118 896 in·
1168 852 1250 895 causa
1264 836 1378 894 salutisl
1393 836 1474 892 dolia
1483 850 1606 907 prorsus.
1619 834 1654 889 lit
1664 842 1807 904 propterea
1817 830 1960 887 conscin-

326 923 435 979 teliectu
449 924 696 994 cuurprelrendunt.
713 923 766 981 Scd
777 923 833 994 jana
850 925 941 981 utilius
957 926 1010 981 erit
1024 928 1118 983 consi·
1169 930 1234 986 tiam
1250 939 1323 987 tuam
1338 945 1445 1002 repara,
1464 928 1562 985 librum
1576 928 1640 983 vitre
1655 927 1773 990 intuere,
1794 931 1825 979 ut
1843 923 1916 994 qnod
1932 922 1959 976 iu

324 1017 433 1079 derare,
457 1025 548 1072 utrum
574 1016 674 1087 aliquis
695 1016 837 1083 librorum,
850 1034 919 1089 quus
936 1017 1062 1089 legimus,
1083 1018 1119 1074 ad
1168 1031 1216 1080 tuo
1228 1024 1319 1079 miuns
1338 1023 1444 1079 iuvenis
1462 1020 1603 1093 perillum
1623 1019 1757 1075 docearis.
1770 1015 1809 1072 lbi
1823 1016 1959 1085 siquidem

323 1106 463 1177 eternplar
476 1105 538 1164 libri
550 1109 613 1164 ritu
623 1111 743 1181 scriptus
753 1110 804 1167 sit:
822 1112 950 1181 quoniam
966 1111 1119 1182 quodscri·
1167 1117 1251 1173 rerba
1265 1116 1388 1188 quaedam
1403 1111 1596 1175 consolatoria,
1612 1109 1696 1167 rerba
1716 1109 1779 1163 ritae
1791 1116 1900 1163 aeternae
1915 1106 1961 1161 ln·

323 1203 370 1268 pto
385 1198 604 1265 commendatur,
622 1211 650 1256 et
662 1199 834 1272 frequentius
849 1203 1015 1273 quandoque
1029 1203 1119 1274 inspi·
1166 1209 1269 1273 uenies,
1287 1223 1348 1278 quae
1364 1216 1389 1264 te
1407 1207 1441 1263 ad
1452 1207 1523 1261 riam
1537 1204 1634 1264 salutis
1642 1202 1783 1268 reducant,
1797 1215 1814 1255 a
1827 1214 1881 1271 qua
1900 1213 1961 1258 aua·

322 1287 407 1357 eltar,
417 1298 446 1343 et
466 1289 604 1346 memoria
615 1289 711 1347 melius
727 1292 943 1351 commendatur.
958 1290 1014 1350 lieu
1026 1294 1119 1350 incon·
1166 1296 1286 1355 bulaudu
1299 1312 1347 1370 per
1357 1297 1427 1352 latas
1442 1295 1522 1366 hujus
1537 1293 1627 1352 seculi
1641 1294 1701 1349 rias
1714 1292 1839 1349 deviasti.

323 1381 648 1451 gruuonmesjustorum
671 1383 868 1448 conscientias,
887 1401 947 1456 quae
971 1385 1118 1442 virtutibus
1202 1389 1311 1446 lituum
1335 1389 1362 1445 io
1386 1389 1456 1445 libro
1479 1389 1524 1445 illo
1536 1386 1639 1459 scripta
1661 1386 1718 1442 sint
1738 1384 1958 1456 tamentationes,

322 1469 426 1527 Christi
439 1472 509 1529 bene
526 1472 740 1540 instituturum,
755 1476 838 1532 libros
853 1477 979 1543 dixerim,
998 1494 1031 1535 eo
1045 1479 1116 1549 quud
1165 1496 1276 1537 carmen
1290 1490 1319 1537 et
1331 1494 1387 1545 rae,
1405 1480 1487 1535 habct
1500 1476 1637 1549 singulum
1662 1476 1778 1531 istorum
1798 1474 1879 1532 rerba
1894 1490 1957 1543 sua,

322 1562 413 1619 inillis
426 1564 516 1635 imago
529 1567 655 1638 quedam
667 1569 798 1624 uirtutum
811 1569 919 1625 bomini
932 1569 996 1627 lesu
1011 1586 1115 1644 reprae-
1166 1573 1267 1644 quibus
1284 1571 1332 1628 tibi
1347 1569 1479 1642 loquitur,
1495 1569 1537 1625 rei
1552 1567 1586 1623 ad
1602 1575 1748 1634 terrorem,
1762 1567 1806 1625 rel
1817 1569 1851 1625 ad
1863 1583 1957 1626 corre·

323 1664 459 1723 cantetur,
472 1658 506 1714 de
519 1660 619 1730 quibus
639 1660 717 1718 libris
729 1663 755 1717 in
770 1662 882 1721 daniele
894 1665 1014 1721 dicitnr:
1038 1668 1115 1723 Sedit
1165 1667 1296 1733 ctionem,
1311 1663 1353 1720 rei
1368 1664 1402 1718 ad
1420 1661 1647 1719 consolationem.
1668 1660 1890 1719 Lamentationes
1905 1662 1956 1732 igi-

320 1748 457 1817 judieinm
472 1759 500 1805 et
511 1751 598 1822 aperti
617 1759 681 1808 sunt
703 1752 765 1809 iibri
785 1752 867 1823 (bon.
884 1756 946 1818 nr).
971 1758 1006 1813 Et
1028 1757 1112 1813 alibi:
1166 1757 1360 1828 turpertiuent
1375 1756 1408 1811 ad
1429 1753 1608 1811 imitationem
1631 1751 1778 1811 Dominicae
1797 1755 1955 1822 passionis:

321 1840 390 1896 ludi
407 1841 489 1897 lsrael
510 1843 638 1900 mandata
661 1842 709 1899 [lei
732 1843 782 1912 tni,
801 1856 829 1902 et
848 1862 879 1904 ea
901 1848 928 1903 ln
950 1848 1033 1903 corde
1056 1858 1113 1912 tuo,
1130 1822 1289 1915 Bcarmen,
1307 1848 1341 1904 ad
1354 1848 1467 1920 gloriam
1482 1846 1767 1912 resurrectionistrae,
1779 1844 1958 1916 adjudicium

321 1934 399 2003 quasi
418 1934 445 1989 in
467 1934 537 1992 libro
554 1938 657 1994 scribe.
677 1938 711 1995 lli
728 1939 865 2012 Propheta
888 1940 969 1997 dicit:
986 1940 1040 1997 Len
1066 1941 1112 1998 lici
1165 1954 1295 2000 extremae
1309 1939 1430 1996 ultiouis.
1444 1939 1472 1995 Ιιι
1485 1937 1727 1996 lamentationibus
1737 1938 1861 1996 inuenies
1874 1941 1957 1997 rerba

320 2025 380 2095 eius
393 2025 420 2081 in
435 2027 519 2084 corde
530 2028 710 2102 ipsiusffcui.
722 2032 887 2102 suethidi
900 2034 960 2090 libri
974 2034 1007 2090 ad
1022 2050 1115 2093 exem·
1165 2048 1274 2105 aspera,
1289 2030 1454 2102 pertinentia
1472 2031 1506 2087 ad
1522 2029 1630 2095 iabores
1646 2029 1826 2100 punitentia,
1844 2040 1956 2103 utpote:

320 2115 381 2187 piar
407 2116 467 2173 libri
485 2119 549 2176 rita
574 2122 669 2192 scripti
691 2134 756 2180 sunt
776 2142 784 2182 a
801 2125 864 2195 quia
885 2125 919 2183 de
941 2124 1114 2196 plenitudine
1164 2127 1193 2183 lu
1208 2125 1308 2182 sudore
1319 2123 1414 2179 voltus
1429 2122 1468 2177 tui
1485 2123 1557 2179 resci
1575 2137 1647 2193 pane
1660 2132 1706 2178 tuo
1723 2119 1801 2191 (Cen.
1817 2121 1849 2194 ι).
1865 2121 1958 2178 lilinu-

319 2204 379 2275 eitra
393 2222 488 2266 omnes
502 2213 668 2280 accepimus,
688 2222 717 2272 et
736 2215 868 2286 quidquid
884 2218 961 2284 boui,
979 2218 1113 2289 quidquid
1164 2221 1198 2277 de
1210 2218 1280 2276 sicut
1291 2231 1389 2288 aquam
1401 2230 1449 2271 cor
1468 2224 1543 2271 tuum
1558 2228 1651 2272 coram
1663 2217 1789 2282 Dourinu,
1803 2215 1914 2285 planctu
1928 2221 1957 2269 ct

320 2299 415 2371 gratia
429 2299 456 2355 in
470 2300 553 2359 nubis
565 2303 726 2375 aspicimus,
742 2314 830 2361 totum
843 2305 878 2362 ab
900 2308 970 2379 ipso,
983 2318 1112 2379 tauquam
1164 2313 1266 2384 genricn
1287 2317 1315 2365 te
1338 2308 1427 2381 ipsum
1443 2304 1572 2378 attigere,
1593 2316 1621 2362 et
1642 2307 1669 2363 in
1690 2308 1876 2365 maceratione
1894 2320 1956 2363 cur·

321 2389 426 2448 rlrulus
440 2405 456 2448 a
468 2392 552 2460 iente,
573 2393 601 2449 iu
616 2411 666 2452 nos
678 2411 766 2469 usque
781 2398 933 2455 derivatum
949 2410 1001 2457 est.
1015 2401 1113 2459 Videat
1165 2399 1251 2474 parali
1278 2414 1378 2472 corpus
1392 2408 1469 2455 tuum
1498 2398 1623 2469 redigere
1640 2398 1666 2452 iu
1679 2399 1847 2462 surritutem,
1860 2406 1888 2453 ct
1901 2412 1956 2452 cae·

320 2495 387 2555 erge
398 2486 585 2559 unusquisque
596 2486 698 2546 siliber
708 2491 949 2564 conscientiaeque
959 2502 1034 2551 recte
1045 2495 1114 2550 scri·
1164 2503 1223 2551 tera
1247 2493 1413 2564 hujusmodi,
1439 2491 1537 2561 quibus
1563 2504 1673 2546 crucem
1696 2490 1804 2546 Dorttiul
1829 2488 1954 2546 imitatur

318 2586 393 2646 ptus,
408 2576 478 2635 bene
489 2578 639 2637 uirtutibus
652 2581 864 2639 distinctussita
879 2598 915 2640 ιιι
926 2584 1054 2643 falsarius
1066 2585 1113 2643 ille
1164 2586 1248 2642 lrcmo
1270 2586 1297 2641 iu
1317 2585 1368 2642 boo
1389 2582 1497 2639 mortali
1513 2596 1639 2654 corpore.
1654 2578 1685 2636 ln
1708 2591 1855 2638 paeantem
1873 2594 1952 2652 repe·

318 2670 366 2740 qai
379 2670 495 2727 rnerrdaa
508 2671 559 2728 luit
568 2672 602 2728 ab
613 2672 700 2738 initio,
713 2672 831 2743 aliquam
842 2675 977 2731 maculam
987 2676 1112 2733 criminis
1165 2678 1274 2736 ciuntur
1288 2678 1370 2734 rerba
1384 2675 1509 2748 quaedam
1522 2672 1666 2742 terribilia,
1681 2688 1741 2744 quae
1755 2682 1820 2730 sunt
1834 2671 1913 2729 tens
1927 2683 1955 2729 et

318 2762 512 2833 superduxerit
532 2764 673 2837 scripturae
694 2766 827 2822 recitatis.
844 2765 873 2821 Si
892 2767 966 2823 enim
980 2767 1043 2825 odiu
1068 2770 1113 2825 rel
1164 2772 1267 2830 stridor
1277 2769 1410 2835 dentium,
1426 2765 1563 2823 acerbitas
1577 2763 1761 2832 flammarum,
1779 2764 1955 2822 tenebrarum

318 2856 406 2915 iirore
419 2860 568 2931 torqueris,
581 2861 651 2917 liber
665 2870 728 2917 tuus
742 2862 889 2919 mendosus
903 2871 963 2919 estc
977 2863 1000 2921 si
1011 2871 1112 2919 acuas
1165 2865 1296 2931 densitas,
1312 2863 1460 2921 crudelitas
1476 2869 1623 2928 tortorum,
1644 2871 1672 2917 et
1691 2871 1791 2919 caetera
1806 2871 1956 2923 tormento·

319 2952 469 3008 ambitione
479 2953 522 3009 rel
542 2954 669 3021 auaritia,
691 2956 761 3012 liber
773 2965 836 3012 tuus
856 2956 1002 3014 mendosus
1014 2967 1070 3015 est:
1086 2957 1112 3015 si
1164 2972 1225 3014 rum
1252 2969 1364 3029 genera,
1391 2969 1452 3024 qua
1470 2965 1567 3026 parata
1591 2966 1656 3013 sunt
1673 2956 1782 3014 diabolo
1805 2965 1833 3013 et
1852 2957 1955 3029 angelis

319 3059 482 3117 quacumque
496 3046 666 3103 immunditia
694 3050 818 3119 corporis
841 3049 961 3120 pollutus
980 3065 1022 3117 es,
1040 3051 1111 3109 liber
1163 3049 1232 3123 ejus.
1244 3048 1359 3107 Carmen
1373 3063 1439 3104 reru
1457 3048 1576 3120 loquitur
1587 3050 1670 3106 rerba
1686 3050 1882 3120 consolatoria,
1892 3065 1956 3106 rer·

318 3144 382 3192 trrus
404 3138 548 3194 rrrurdosus
566 3148 629 3195 estc
647 3140 704 3197 irus
723 3140 855 3212 quidquid
879 3142 906 3198 iu
927 3151 952 3198 te
973 3143 1146 3220 invenerisc
1162 3145 1196 3202 ba
1215 3144 1344 3217 iocunda,
1360 3159 1421 3215 que
1440 3150 1503 3199 sunt
1518 3142 1597 3214 plena
1612 3142 1747 3200 absolutio
1759 3143 1854 3215 culpa,
1873 3144 1955 3201 resti·

318 3229 431 3287 Christo
446 3232 627 3300 cotrtrarium,
648 3233 699 3290 huc
713 3233 741 3290 in
762 3234 833 3290 libro
852 3243 899 3290 tuo
917 3244 1012 3306 reputa
1029 3236 1112 3294 ritio-
1164 3239 1233 3296 tutin
1243 3239 1348 3309 gratiae,
1362 3238 1455 3295 evasio
1468 3237 1553 3300 exilii,
1567 3235 1677 3294 collatio
1690 3237 1777 3308 regni,
1785 3241 1954 3295 consortium

318 3337 390 3379 aarum
410 3325 451 3379 'iu
470 3339 536 3396 crgo
548 3324 714 3394 Christiane,
730 3325 875 3398 diiigenter
894 3326 998 3398 inspice
1010 3328 1111 3385 librum
1162 3329 1331 3396 diuinitatis,
1348 3329 1456 3399 adeptio
1470 3329 1644 3386 aetcmitatis.
1661 3327 1690 3385 Si
1705 3343 1772 3402 ergo
1785 3330 1876 3386 adbuc
1888 3346 1953 3402 peu-

318 3415 495 3501 conseientiae
515 3429 578 3483 rnae,
598 3427 626 3474 et
639 3418 715 3474 iiluot
735 3419 882 3477 uirtutibus
896 3416 1048 3477 salvatoris
1072 3420 1112 3477 tui
1162 3433 1240 3480 catur
1253 3437 1294 3489 es,
1310 3429 1339 3477 et
1350 3421 1376 3500 iu
1386 3420 1533 3490 sepulchro
1552 3421 1689 3477 mordacis
1703 3421 1952 3478 conscientiaecurn

318 3504 459 3562 inscribe:
474 3516 503 3563 ut
526 3507 601 3564 illum
623 3520 786 3580 presentem
805 3523 915 3581 semper
932 3512 958 3566 in
972 3513 1055 3569 corde
1069 3521 1112 3570 te-
1161 3508 1267 3564 Lazaro
1278 3507 1368 3564 adhuc
1382 3505 1589 3579 ioetidusjaces,
1604 3509 1664 3581 lege
1680 3511 1763 3569 rerba
1779 3511 1824 3566 illa
1839 3511 1950 3568 terribi-

317 3613 395 3664 ncas,
409 3599 488 3672 cuins
501 3601 663 3660 itrooceutiao
677 3603 881 3662 similitudinem
899 3619 949 3675 per
967 3606 1110 3663 couscien-
1162 3600 1211 3668 lia,
1224 3616 1284 3671 quae
1299 3600 1333 3656 ad
1348 3616 1389 3655 rae
1402 3601 1556 3671 pertinent:
1568 3609 1598 3654 ιιι
1615 3599 1711 3658 saitem
1726 3610 1833 3658 terrore
1847 3603 1953 3673 suppli·

318 3691 386 3747 riam
399 3695 527 3750 murreum
544 3696 638 3752 scupos
653 3697 780 3753 perquem,
793 3696 861 3753 ctam
873 3697 938 3769 quiq
953 3698 1066 3770 „poreq
1077 3698 1111 3756 q.
1161 3691 1264 3748 ciorum
1278 3705 1421 3761 concussa,
1434 3705 1450 3745 a
1461 3688 1610 3746 sceleribus
1625 3690 1680 3746 tuis
1696 3690 1850 3762 resipiscas.
1864 3692 1893 3747 si
1905 3705 1953 3747 re·

317 3785 392 3844 lrrus.
403 3798 476 3853 quos
491 3786 518 3840 iu
531 3801 593 3841 arca
608 3788 775 3856 reponimus,
790 3801 843 3844 tam
859 3789 981 3846 studiose
996 3802 1110 3856 ornare,
1161 3798 1191 3839 το
1203 3798 1285 3855 super
1298 3783 1418 3855 peccatis
1430 3783 1485 3838 tuis
1499 3781 1662 3839 contritione
1671 3781 1811 3840 fructuosa
1822 3797 1951 3854 cumpun-

317 3885 394 3932 tantu
406 3875 498 3933 labore
513 3883 651 3950 corrigere
679 3890 706 3936 et
719 3880 817 3937 librum
829 3881 1041 3950 conscientiam
1055 3896 1109 3952 qua
1160 3886 1222 3934 ctus
1235 3890 1276 3944 rs,
1292 3876 1397 3948 respice
1411 3876 1446 3932 ad
1466 3874 1548 3932 rerba
1568 3889 1677 3946 aspera,
1694 3875 1794 3946 quaein
1815 3874 1950 3930 lanterna·

317 3968 372 4023 rita
402 3968 539 4038 procedit.
568 3969 723 4041 relinquere
752 3971 956 4028 incorrectum?
979 3972 1109 4029 Videmus
1161 3971 1283 4028 tionibus
1308 3973 1493 4042 reperierant
1512 3986 1560 4044 per
1584 3986 1667 4042 opera
1693 3967 1861 4041 penitentiae
1879 3965 1948 4032 nco,

316 4061 418 4119 inultus
441 4061 470 4117 in
491 4063 603 4133 psalmis
631 4063 714 4119 band
743 4065 876 4135 preciosis
902 4064 1042 4122 coloribus
1069 4065 1109 4120 ci·
1159 4081 1240 4137 quern
1255 4064 1403 4131 oiicndisti,
1417 4064 1581 4122 satisfacias.
1596 4062 1673 4134 orrod
1689 4061 1714 4119 si
1731 4058 1952 4130 boniscpcribus

317 4155 474 4212 tharoeduur
492 4156 651 4227 depingere,
673 4155 700 4211 in
719 4158 860 4227 prophetis
880 4171 961 4214 senes
973 4157 1107 4229 quosdam
1156 4153 1387 4226 jamjustilicatus
1399 4153 1664 4220 es,intendererbis
1677 4149 1952 4219 consolatoriisque

316 4251 423 4308 canicie
437 4249 616 4312 venerandos,
636 4261 664 4305 et
686 4249 805 4320 sparsim
821 4251 929 4306 codices
950 4248 1037 4305 literis
1058 4264 1110 4304 nu·
1159 4247 1478 4317 adcarmeopertineut,
1493 4245 1661 4316 inpraesenti
1678 4243 1733 4300 rita
1754 4240 1891 4314 proposita
1914 4239 1951 4294 ad

317 4340 373 4398 rcis
388 4341 478 4397 iacere
502 4343 650 4412 preciosos,
674 4348 702 4395 et
727 4339 825 4397 librum
843 4341 1019 4397 conscientie
1038 4339 1107 4397 adeo
1158 4336 1427 4404 conscindebantur
1446 4336 1548 4405 lutura,
1564 4338 1598 4393 ad
1616 4337 1724 4407 plenam
1737 4333 1948 4405 jocunditatem.

316 4433 482 4505 neglectum,
502 4434 570 4488 adeo
595 4431 696 4488 ioedurn
722 4431 886 4504 relinquere,
912 4433 985 4503 qnod
1003 4431 1106 4488 lumine
1157 4427 1254 4486 Omnis
1266 4443 1331 4499 ergo
1346 4427 1446 4485 Christi
1459 4427 1590 4494 incitator,
1609 4426 1654 4482 cui
1670 4425 1813 4481 adherere
1827 4422 1883 4479 nso
1896 4423 1949 4478 lao-

317 4525 412 4596 gratiae
435 4538 492 4581 sue
510 4539 564 4580 rruu
588 4524 713 4594 dignetur
726 4523 799 4579 illam
821 4524 972 4581 inhabitare
991 4524 1109 4595 Spiritus
1123 4558 1147 4615 n
1161 4538 1225 4578 num
1240 4530 1294 4590 est,
1315 4523 1356 4579 ric
1375 4522 1403 4579 in
1425 4521 1495 4580 libro
1521 4521 1583 4577 ritae
1606 4527 1780 4583 exerceatur,
1796 4525 1826 4572 ut
1838 4515 1950 4572 evitatis

316 4629 437 4675 sauctus.
1158 4615 1291 4687 gehenuae
1305 4613 1458 4687 suppliciis,
1470 4629 1519 4686 pcr
1531 4611 1719 4669 trbrulatiuues
1729 4607 1842 4672 multas,
1854 4614 1884 4662 et
1896 4620 1949 4660 au·

352 4714 423 4769 Sunt
440 4714 542 4783 etalii,
563 4713 742 4784 quiriniana
768 4712 846 4769 rituli,
857 4713 969 4769 sciernia
990 4712 1105 4779 Christi,
1157 4717 1264 4780 gustam
1279 4707 1351 4762 riam
1367 4707 1459 4763 nudat
1473 4706 1506 4763 ad
1519 4705 1614 4771 citam,
1631 4703 1726 4774 inqua
1742 4713 1838 4755 orrrnes
1858 4697 1949 4752 canen

315 4817 375 4866 tuto
390 4809 481 4865 studio
506 4807 622 4865 seculari
639 4808 818 4880 philosophia
836 4822 865 4860 se
883 4806 1062 4872 tradiderunt,
1077 4814 1104 4861 et
1156 4808 1290 4857 evacuato
1305 4798 1377 4869 quod
1398 4812 1432 4854 ea
1458 4805 1535 4868 parte
1556 4805 1608 4860 est,
1624 4793 1723 4851 librum
1740 4792 1804 4846 ritae
1824 4787 1948 4860 pertecte

314 4914 351 4956 ne
366 4898 431 4971 qnid
442 4900 513 4956 desit
525 4898 617 4966 cilicii,
629 4900 818 4970 imposuerunt
828 4912 886 4954 eam
899 4898 1060 4969 portandam
1076 4898 1102 4954 in
1157 4890 1352 4963 intelligentes,
1375 4899 1543 4960 cognoscent
1566 4887 1707 4945 Christum
1721 4884 1793 4942 sicut
1803 4881 1838 4938 ab
1852 4896 1886 4937 ec
1901 4895 1948 4937 co-

315 4990 447 5048 bumeros
469 4989 610 5045 hominurn
634 4990 868 5061 iustino'quodam
892 4992 1021 5046 cooritatu
1043 5005 1102 5045 eam
1157 4984 1224 5056 guiti
1239 4994 1320 5040 sunt:
1333 4985 1367 5040 ad
1383 4985 1461 5056 cujus
1472 4981 1656 5055 cognitionem
1674 4992 1725 5034 nos
1740 4976 1874 5048 perducat
1888 4974 1947 5043 ipse

315 5090 521 5154 prosequentes.
539 5079 638 5137 llecole
659 5083 814 5138 celriculurn
828 5082 893 5137 illud
910 5079 1103 5151 qurilusuplriae,
1155 5076 1470 5148 resuscitandumque
1485 5089 1597 5148 regnum
1610 5071 1793 5143 etimperinut
1805 5070 1947 5139 permanet

316 5173 389 5243 quod
409 5171 515 5228 «luobus
530 5172 632 5242 pueris,
648 5173 692 5242 qui
718 5182 780 5228 suut
799 5172 916 5229 laboret
933 5187 1025 5237 aanor,
1041 5171 1103 5227 toti·
1156 5169 1184 5224 in
1194 5169 1286 5226 secula
1300 5169 1464 5228 seculorum.
1480 5169 1576 5224 Amen.
1630 5208 1632 5213 .

315 5268 433 5337 dentque
447 5262 583 5337 puellulis,
598 5279 659 5336 quau
669 5273 734 5320 suut
746 5263 848 5336 uigilia,
864 5275 892 5319 et
906 5278 983 5332 cura,
995 5271 1105 5334 portan-
1432 5258 1549 5317 suntto
1570 5255 1665 5313 llllll.

317 5360 380 5414 door
391 5360 598 5421 commiserunt,
612 5357 663 5414 hoc
677 5358 871 5428 signiticaotcs,
884 5358 955 5428 quud
967 5360 1001 5414 ad
1016 5358 1104 5428 philo·
1357 5371 1383 5411 ιιι
1401 5366 1619 5409 resurreccione
1639 5366 1744 5408 norint.

315 5453 418 5522 rupitias
430 5450 675 5523 coguitionemnnn
686 5448 923 5519 uisiperlaborcm
935 5459 960 5508 et
970 5464 1103 5515 aurorem,
1192 5447 1231 5502 ilc
1243 5454 1357 5501 torrente
1375 5447 1404 5499 in
1416 5444 1458 5500 cic
1476 5443 1550 5507 bibit,
1569 5451 1706 5512 propterca
1726 5440 1852 5497 excitarit
1866 5445 1947 5507 must

314 5557 365 5612 per
377 5542 499 5614 vigiliam
509 5553 537 5600 et
550 5558 645 5600 curam
659 5551 748 5614 potest
763 5543 911 5615 perueniri.
936 5541 1049 5600 illabor
1062 5542 1104 5599 iq·
1157 5534 1244 5605 (Pici.
1254 5535 1322 5606 cix).
1337 5535 1409 5590 luter
1426 5543 1465 5591 tut
1475 5531 1577 5590 Christi
1593 5530 1791 5602 triumphantis
1804 5542 1947 5601 precautes

315 5635 481 5702 fructuosus,
494 5651 600 5692 carnor
616 5649 756 5701 erroneus,
769 5650 785 5692 o
799 5633 889 5707 vigilia
899 5634 992 5701 stulta,
1006 5649 1023 5692 o
1037 5649 1103 5692 cura
1157 5629 1235 5686 laude
1251 5627 1360 5701 impari,
1379 5624 1456 5699 quasi
1476 5637 1544 5681 cuce
1564 5622 1682 5693 quadam
1706 5619 1837 5686 discordi,
1853 5627 1946 5675 metuo

316 5725 464 5797 ruperiiua.
484 5727 551 5784 lure
574 5727 651 5786 labor
675 5728 858 5787 infructuosus
882 5735 934 5794 cst,
958 5727 1004 5800 qui
1028 5726 1102 5784 nulia
1156 5721 1298 5782 dissimilis
1311 5734 1460 5792 apparere:
1482 5727 1511 5775 et
1534 5717 1598 5774 dum
1627 5714 1757 5773 lloranna
1779 5713 1834 5770 ilio
1860 5711 1946 5769 Darid

317 5815 412 5887 requie
438 5815 589 5876 celeratur:
616 5835 694 5878 umor
709 5836 851 5889 erroneus,
879 5820 926 5892 qni
953 5818 1026 5876 nullo
1043 5819 1103 5892 igue
1156 5818 1237 5889 digne
1250 5823 1429 5872 cantarnaco
1445 5809 1533 5880 raico,
1552 5809 1585 5867 ab
1599 5809 1643 5866 his
1658 5809 1704 5882 qni
1720 5805 1878 5881 praecedunt
1901 5805 1945 5863 iu·
