4425 6450
230 391 286 450 rss
523 385 721 447 seruosne.
741 385 1011 447 -snnnnsrn
1032 379 1532 449 rnnnsonnncrtouooourm.
1821 339 1875 448 trs*

232 505 346 577 crepari
369 503 461 577 potins
474 500 515 559 'ot
538 510 657 574 taceam,
683 517 764 576 quum
782 502 817 561 sd
832 503 1032 562 conlessIonem
1046 503 1071 570 A
1085 505 1187 563 tionem
1200 506 1291 562 cordis
1303 500 1777 574 relaxentur.Eccegoamlimosus,
1793 453 1878 574 gos:

229 600 322 655 laudis
339 598 462 653 invitari.
488 596 674 653 Veruntamen
693 597 758 653 caeei
778 594 851 653 illius
865 595 1030 653 informatos
1081 616 1203 663 amaros.
1217 613 1298 670 uuam
1317 598 1433 669 lrigidns
1448 606 1557 655 torrens
1572 598 1624 654 iste
1638 607 1691 665 est,
1707 604 1735 652 et
1750 599 1812 668 ouis
1825 611 1875 651 on·

229 690 371 761 exemplo,
388 689 432 745 rel
443 688 626 754 verecundos,
640 686 683 744 rel
697 687 869 759 importunos
880 687 982 745 sedebo
1002 696 1030 743 et
1079 703 1163 761 quarn
1179 691 1248 746 bibit
1265 689 1299 746 de
1312 689 1378 745 illo?
1392 688 1518 745 Christos
1530 688 1690 759 utique,sed
1704 689 1737 744 dc
1752 697 1879 762 torrente¹

229 798 284 853 ego
296 782 375 853 juxta
388 782 462 836 riam
476 788 506 836 et
520 779 655 847 clamabo,
682 789 710 835 ct
726 779 832 836 coelesti
845 781 923 837 turba
936 777 1029 835 lesum
1080 796 1136 839 noo
1152 784 1185 839 rle
1197 782 1290 841 liurio.
1303 784 1424 842 'lotrens
1438 783 1512 840 enim
1536 783 1646 853 respicit
1661 798 1771 838 cursum
1791 792 1878 852 natu·¹

231 881 424 947 re-orgentem
444 873 613 942 suscipiente
624 887 687 928 cnm
699 873 797 945 gaudio
806 887 906 941 sequar
919 871 1028 938 affertur,
1082 875 1245 942 raedarius
1263 892 1327 934 sero
1342 876 1598 948 praevaricationem
1615 875 1711 945 culpa.
1730 873 1815 941 Bibit,
1834 876 1877 932 in·

229 980 336 1037 sequar
348 964 621 1037 desiderio„dicens:
639 964 691 1022 riti
704 965 795 1021 Dauid
811 966 943 1023 miserere
965 965 1028 1023 snei.
1081 985 1173 1041 qnam.
1189 970 1222 1026 de
1237 980 1358 1026 torrente
1369 970 1419 1025 boe
1433 968 1570 1033 cbristus,
1584 967 1764 1023 duminllrma
1778 967 1876 1022 liuma-

230 1059 329 1131 Neque
340 1058 414 1116 enim
427 1058 508 1115 aliter
521 1059 600 1129 senui
615 1074 743 1129 possum,
760 1073 906 1130 quousque
923 1068 1031 1114 torrens
1081 1078 1124 1119 me
1136 1072 1239 1118 naturae
1256 1062 1415 1131 assumpsit,
1439 1061 1505 1118 dum
1529 1059 1648 1130 gustavit
1664 1058 1879 1113 auraritudinem-

230 1154 297 1220 iste,
314 1152 350 1209 ds
363 1167 418 1223 quo
442 1160 472 1208 et
492 1150 620 1208 Christus
635 1152 720 1216 bibit,
735 1160 847 1221 separat
861 1166 904 1206 me
918 1150 952 1205 ab
972 1150 1029 1216 illo,
1081 1156 1235 1227 passionis:
1272 1155 1356 1220 Bibit,
1378 1154 1502 1225 inquam,
1522 1161 1550 1210 et
1569 1151 1740 1223 pertransiit,
1763 1160 1792 1206 et
1807 1152 1878 1207 inri-

229 1244 280 1315 qtl'l
292 1243 320 1297 ln
341 1250 449 1299 ldnlllul
462 1255 594 1315 mcclii,
609 1240 636 1295 in
651 1249 754 1295 larrium
769 1240 920 1312 profundus
933 1249 987 1305 est,
1002 1247 1031 1293 ui
1083 1256 1121 1304 tat
1135 1256 1162 1304 lg
1176 1258 1207 1303 ut
1225 1247 1350 1317 sequaris
1365 1247 1465 1318 ipsum,

228 1340 278 1413 qui
295 1338 391 1394 solunt
401 1337 465 1393 binc
478 1338 597 1393 transire
610 1336 644 1392 ad
657 1334 750 1392 lesum
761 1350 814 1392 non
830 1341 955 1406 possunt,
979 1347 1030 1387 ne·
1117 1338 1146 1395 Si
1162 1353 1228 1409 crgo
1244 1338 1286 1393 vis
1299 1338 1443 1407 expeditus
1457 1346 1586 1403 transire.
1602 1352 1636 1394 ne
1650 1335 1721 1392 lorte
1733 1334 1876 1406 demergat

229 1444 287 1501 que
304 1427 370 1486 inde
380 1428 434 1486 boc
449 1437 630 1485 transmeare.
1083 1440 1111 1487 te
1128 1439 1276 1499 tempestas
1294 1429 1374 1497 lrrrjus
1389 1444 1484 1500 aqrrre,
1498 1429 1540 1485 rel
1559 1428 1706 1484 absorbeat
1722 1437 1748 1482 ιε
1762 1427 1880 1498 prolun-¹

267 1520 320 1575 Esl
333 1529 425 1576 aulem
442 1527 551 1576 lorrent
564 1517 627 1582 5³¹0·
640 1517 769 1573 decursim
782 1514 863 1584 hujus
876 1514 937 1571 lim
955 1529 1030 1569 ¹⁰0¹·
1081 1521 1159 1589 dum,
1174 1522 1218 1579 loe
1238 1523 1288 1579 tibi
1304 1533 1416 1593 pontem
1429 1523 1464 1577 sle
1479 1520 1562 1593 lignis
1575 1519 1718 1590 levigatis,
1733 1519 1875 1575 cotumnas

228 1613 307 1680 “¹5⁸2
324 1612 372 1685 (1¹¹3
387 1611 510 1670 dicibili
524 1625 540 1666 ¹
554 1610 703 1682 propagine
714 1610 914 1679 ⁶⁰⁰00llll⁰blsr
927 1612 954 1663 ΙΙΙ
967 1624 1030 1664 cdl·
1082 1617 1109 1672 in
1121 1630 1155 1672 eo
1170 1615 1273 1687 eriges,
1284 1624 1312 1671 et
1327 1615 1457 1685 utrinque
1472 1614 1598 1684 impones
1614 1611 1670 1668 illis
1682 1612 1779 1678 latera,
1795 1610 1881 1666 tabu·

229 1720 326 1763 cerem
344 1704 535 1769 arorutirars.
549 1712 577 1759 et
590 1701 654 1758 inde
665 1703 693 1757 in
706 1701 846 1758 miseriam
864 1700 1029 1765 nativitatis,
1082 1710 1134 1766 tara
1152 1719 1278 1766 sternens
1300 1708 1426 1779 desuper,
1456 1715 1482 1762 et
1509 1705 1631 1762 drinabis
1654 1704 1760 1772 claris,
1777 1704 1874 1776 sioqtre

229 1800 306 1858 unde
318 1814 430 1858 rursum
445 1797 621 1871 progreditur
639 1798 665 1852 in
689 1796 832 1868 ιιικιιῑῑιι
856 1795 964 1851 ”turili-
988 1793 1029 1847 Ad
1082 1801 1376 1858 consornmabiseuro.
1388 1798 1458 1855 Sunt
1474 1805 1566 1853 autem
1582 1796 1716 1851 columne
1732 1796 1802 1862 istm,
1820 1795 1875 1852 siri

228 1890 359 1948 sltimom
381 1906 448 1947 roro
464 1888 661 1953 terminantur,
678 1886 731 1943 nisi
752 1886 898 1943 subveniat
918 1884 1028 1942 miseri·
1080 1892 1179 1958 marest,
1201 1891 1252 1947 riri
1277 1889 1403 1962 perferri,
1419 1904 1489 1960 quos
1510 1891 1536 1946 in
1561 1897 1683 1945 torrente
1708 1887 1790 1956 bnjns
1811 1886 1875 1943 rita

227 1984 327 2040 cordis
350 1982 485 2054 supplicio
498 1988 613 2036 :sternte
632 1978 831 2037 damnationis.
853 1977 1029 2035 periculosus
1078 1998 1189 2040 sorsum
1216 1982 1334 2054 erigere,
1358 1983 1384 2037 id
1407 1989 1449 2036 est
1467 1990 1531 2035 ante
1547 1980 1648 2035 mentis
1671 1990 1770 2035 nostrae
1785 1979 1873 2034 aciem

227 2085 274 2134 est
297 2084 411 2133 torrens
431 2076 484 2133 tate
508 2073 600 2147 plens.
615 2081 644 2130 el
660 2073 723 2129 ideo
741 2071 829 2144 ¹1¹³ssss
854 2070 1029 2142 periculosus
1079 2084 1199 2132 statuere
1220 2074 1376 2130 debemus:
1398 2080 1427 2126 ut
1449 2071 1578 2143 quiequid
1602 2070 1718 2136 laboris,
1743 2069 1874 2140 qrricrpritl

226 2177 283 2232 est.
298 2169 433 2240 quonism
447 2169 527 2239 eduis
541 2167 704 2237 quibusdam
717 2165 880 2222 decessoriis
891 2164 1029 2221 excrescit
1079 2167 1238 2226 tentationis
1255 2168 1282 2224 iu
1296 2166 1416 2223 inserita
1434 2166 1514 2222 nobis
1529 2166 1700 2234 provenerit,
1711 2164 1876 2235 aeqrranimi·

228 2258 385 2318 indusium
404 2275 545 2333 magnum.
568 2258 643 2316 Unde
665 2264 694 2313 et
709 2255 869 2315 beatusdob
884 2257 956 2314 laune
971 2265 1030 2313 tor-
1079 2267 1123 2316 ter
1152 2257 1304 2317 tolerantes
1325 2256 1454 2328 exemplo
1487 2256 1599 2312 virtutis
1626 2271 1722 2311 eorrrm
1751 2255 1777 2311 in
1801 2256 1884 2311 bono·

228 2362 341 2410 mntem
363 2352 474 2409 nomine
500 2350 575 2407 dorii
599 2352 729 2423 appellat.
756 2367 817 2408 eom
842 2352 876 2408 de
901 2360 1029 2423 serpente
1079 2366 1163 2423 opere
1178 2365 1230 2408 non
1245 2351 1415 2407 dolicianus.
1432 2346 1465 2405 lir
1484 2358 1559 2406 recte
1573 2347 1707 2405 columnis
1720 2347 1787 2403 tales
1799 2362 1875 2403 com·

228 2443 278 2501 illo
294 2442 411 2514 antiquo
425 2441 549 2513 loquitur
562 2441 674 2499 dicens:
687 2443 854 2501 Absorbebit
868 2441 989 2510 flurium,
1001 2452 1030 2501 ει
1079 2453 1235 2515 peruritur:
1252 2443 1331 2499 Sicut
1345 2443 1419 2499 eninr
1436 2442 1572 2499 columne
1587 2455 1640 2496 non
1657 2440 1786 2496 violentia
1807 2454 1888 2495 ren--

228 2553 288 2596 noo
301 2536 463 2594 mirabiturz
479 2543 508 2592 et
521 2550 597 2607 spem
614 2535 708 2603 babet.
724 2538 798 2609 quod
814 2536 943 2595 iordanis
962 2535 1029 2593 ssuat
1080 2548 1181 2606 torum,
1197 2554 1252 2596 oon
1277 2537 1415 2594 allusione
1441 2535 1583 2599 imbrium,
1608 2549 1662 2590 non
1688 2531 1872 2603 procellarum

229 2630 259 2687 irs
275 2644 310 2688 os
328 2630 392 2702 rjus
405 2629 467 2702 (lob
499 2629 556 2702 sn).
572 2628 656 2698 Quasi
677 2631 793 2695 diceret.
812 2645 867 2688 non
887 2646 1027 2704 magnust,
1079 2632 1195 2702 impeto,
1209 2646 1224 2685 a
1238 2629 1390 2686 stabilitate
1405 2642 1453 2684 suo
1468 2626 1572 2683 inormi
1588 2632 1724 2694 possunt:
1744 2624 1785 2680 sic
1806 2624 1874 2680 istos

230 2738 287 2781 soa
301 2724 406 2781 mirum
429 2731 541 2795 reputat
564 2722 653 2779 bostis
668 2722 782 2780 humani
807 2723 915 2794 generis
932 2722 955 2779 si
979 2721 1029 2779 llu-
1079 2740 1135 2781 noo
1151 2723 1300 2788 tribulatio.
1320 2736 1374 2777 non
1396 2719 1544 2791 angustia,
1563 2735 1617 2775 non
1638 2717 1802 2790 periculum,
1819 2733 1872 2772 nora

229 2815 321 2881 riom.
339 2813 394 2871 boe
405 2821 460 2880 est,
474 2813 624 2869 humanam
638 2824 778 2883 naturam,
797 2814 919 2884 peccatis
933 2822 961 2871 et
973 2815 1029 2871 eri·
1081 2816 1200 2890 gladius,
1216 2830 1270 2872 non
1288 2816 1397 2871 demum
1410 2812 1553 2869 calamitas
1567 2812 1658 2884 aliqua
1677 2824 1809 2882 suparare
1823 2824 1873 2880 po·

230 2905 355 2965 rsirsibus
370 2904 510 2962 irretitam
528 2903 675 2961 absorbeat
690 2919 784 2962 secum
801 2905 829 2961 in
846 2915 952 2976 partem
967 2918 1027 2961 suos
1079 2910 1133 2966 tuit
1145 2923 1161 2965 a
1174 2908 1311 2965 charitate
1325 2904 1440 2963 Christi.
1455 2902 1533 2970 lstae,
1546 2904 1573 2960 nl
1589 2902 1679 2968 tabor,
1692 2912 1756 2960 suot
1770 2900 1875 2958 colom·

231 2997 438 3057 damnationis:
454 2997 595 3056 sedetiam
610 3014 689 3071 sporn
705 2998 788 3056 babet
802 2998 874 3071 qood
889 2996 1027 3067 iordanis,
1079 3017 1134 3070 nra,
1153 3015 1223 3074 quas
1246 2999 1295 3057 Dei
1316 2999 1451 3071 sapientia
1474 3000 1503 3055 in
1526 2997 1620 3066 domo,
1633 2997 1659 3052 id
1677 2997 1763 3053 estin
1781 3012 1873 3052 massa

231 3092 261 3150 id
281 3100 338 3162 est,
356 3087 474 3164 populos
499 3090 527 3147 in
550 3090 663 3147 cbristo
687 3100 810 3160 renatus,
829 3090 925 3149 induat
947 3091 974 3148 in
996 3105 1028 3148 os
1079 3094 1192 3152 bomani
1207 3092 1327 3166 generis,
1339 3104 1443 3163 septem
1466 3105 1581 3148 numero
1596 3089 1720 3145 excidit:
1739 3090 1803 3159 qrria
1824 3104 1874 3159 per

229 3185 304 3261 05³¹·
1041 3209 1063 3271 ρ
1078 3200 1183 3261 septem
1200 3188 1397 3247 mundlretates
1409 3199 1547 3258 rrungnam
1558 3183 1703 3241 doluerunt
1714 3180 1873 3250 ririsnnrti,

267 3277 430 3336 escendunt
444 3277 548 3349 itsune,
560 3283 591 3332 ot
606 3277 676 3346 disi,
692 3292 770 3350 aquo
789 3278 913 3350 quiedam
931 3277 1029 3348 insipi·
1079 3281 1126 3354 qui
1140 3282 1269 3353 exemplo
1284 3283 1363 3339 bonae
1382 3277 1600 3336 conversationis
1612 3276 1778 3332 inllrmiores
1790 3290 1875 3345 quos·

231 3372 275 3427 da
297 3369 335 3427 sd
351 3369 426 3427 boue
446 3377 609 3436 torrentem,
630 3383 692 3439 quae
712 3371 895 3428 intumescere
919 3370 1028 3428 lucionl
1078 3395 1134 3451 que
1152 3377 1187 3434 ad
1200 3376 1323 3435 coelestia
1343 3372 1479 3431 desideria
1499 3377 1694 3444 prouocarent,
1718 3370 1753 3424 de
1775 3368 1892 3438 quibus.

232 3461 338 3519 ductum
348 3460 419 3533 ejus.
432 3459 503 3518 ilinc
513 3476 593 3533 aquae
605 3461 754 3533 palustres,
769 3477 829 3534 quse
844 3462 932 3534 ipsum
946 3463 1026 3521 limo·
1078 3470 1215 3529 columnis
1236 3470 1263 3525 in
1279 3465 1442 3538 Apocalypsi
1456 3465 1591 3537 scriptum
1610 3474 1673 3521 est:
1689 3461 1740 3531 Qui
1762 3461 1871 3524 vicerit,

233 3568 295 3610 sum
309 3562 339 3612 et
353 3554 542 3613 turbulentum
566 3552 692 3611 laclonts
707 3554 783 3612 illine
803 3570 880 3626 auum
902 3558 1027 3625 marines,
1080 3562 1178 3621 iaeiam
1189 3561 1264 3619 illum
1276 3559 1432 3617 columnam
1444 3556 1472 3612 in
1483 3555 1582 3626 templo
1590 3554 1636 3610 liei
1652 3552 1704 3609 nrei
1716 3551 1873 3623 (Aponus).

233 3660 295 3717 Ψ·
306 3644 384 3704 fflllm
397 3646 504 3704 fidulii
515 3660 640 3703 ”mlum
657 3664 665 3703 ²
679 3645 743 3705 5⁰⁶0
755 3649 954 3719 ²b¹¹ae¹¹lill¹mr
968 3665 1028 3720 (1¹¹ae
1115 3655 1179 3712 lstis
1194 3652 1331 3712 colomnis
1347 3649 1495 3722 superponi
1509 3649 1611 3706 debent
1631 3647 1729 3713 latera,
1741 3654 1770 3701 nt
1783 3646 1818 3700 ab
1833 3644 1876 3715 ip-

233 3754 293 3810 »τι
312 3739 400 3798 niurio
421 3738 524 3811 irigore
549 3740 676 3797 eumdem
697 3731 882 3814 impotabilem
897 3744 1027 3803 reddunt.
1079 3748 1118 3805 sis
1132 3754 1286 3819 portentur,
1295 3752 1322 3801 ει
1334 3743 1456 3800 tabulata
1467 3741 1585 3809 desuper
1599 3745 1721 3811 portent.
1735 3736 1798 3791 llaee
1810 3743 1877 3791 srrot

235 3834 308 3891 Suos
319 3844 413 3893 autem
426 3850 506 3907 aquae
520 3834 666 3906 palustres,
677 3835 796 3891 carnalia
812 3836 1029 3910 desideriaque
1082 3841 1137 3895 duo
1152 3838 1243 3894 latera
1258 3834 1417 3893 candelabri
1434 3832 1506 3889 illins
1521 3831 1608 3897 aurei,
1627 3833 1681 3886 troc
1693 3836 1735 3883 est
1749 3824 1802 3881 dno
1817 3834 1875 3880 tes-

236 3928 310 3985 bone
327 3937 489 3995 torrentem,
506 3927 533 3984 id
546 3926 690 3997 ernisius
703 3929 766 3984 ritae
781 3930 936 3998 decursum,
951 3930 1030 3988 limo·
1080 3938 1205 3989 ramerus
1232 3931 1260 3986 in
1284 3928 1394 3985 cbristo
1416 3925 1543 3989 lundata,
1567 3926 1601 3979 de
1618 3938 1738 3993 qnorum
1759 3931 1878 3989 utroque

236 4033 296 4076 soto
303 4019 507 4092 quadammodo
518 4027 548 4074 et
559 4016 746 4075 turbulentum
761 4018 878 4076 iaciunt:
888 4021 951 4090 quia
962 4037 1031 4092 que
1081 4033 1139 4080 tres
1156 4020 1254 4079 calami
1264 4019 1452 4090 egrediuntur,
1466 4015 1493 4071 id
1504 4023 1546 4071 est
1559 4013 1692 4079 bistoriae,
1704 4010 1876 4082 tropologia,

238 4113 309 4170 siens
323 4111 417 4168 anima
441 4126 457 4167 s
478 4110 709 4184 contemplatione
731 4111 774 4168 sui
791 4113 924 4170 creatoris
939 4115 1030 4172 carnis
1081 4115 1227 4187 allegoria,
1237 4111 1326 4169 trinus
1335 4106 1571 4166 intellectusllnc
1580 4114 1644 4163 sont
1652 4107 1705 4163 duo
1714 4105 1799 4162 latera
1811 4117 1876 4158 sca-

237 4202 420 4261 dslectatiooe
438 4202 570 4276 repletur,
590 4206 691 4262 totiens
701 4203 779 4276 quasi
795 4204 899 4262 limosis
917 4207 1031 4277 qulbus·
1081 4208 1115 4265 lae
1127 4204 1220 4270 iacob,
1236 4218 1298 4271 grrae
1312 4198 1801 4268 interiusterramtangeretlicontur.
1811 4208 1878 4250 sur·

237 4299 300 4355 rhrn
325 4297 406 4369 souis
428 4311 570 4369 corporeas
593 4298 701 4370 paludis
726 4299 920 4371 ingurgitatur.
944 4301 1030 4372 Aque
1081 4310 1213 4356 sumsero
1224 4293 1309 4352 eoelos
1322 4290 1400 4364 (Gen,
1412 4293 1522 4362 ssrrn).
1534 4288 1645 4359 Eloquia
1656 4289 1727 4344 enim
1740 4286 1787 4342 liei
1796 4287 1877 4359 quasi

239 4403 303 4448 reru
318 4389 445 4456 msrinae,
458 4397 524 4444 sont
536 4402 610 4444 eura}
623 4397 652 4445 et
672 4389 868 4459 occupationes
882 4388 963 4457 buius
983 4405 1031 4448 se·
1082 4390 1198 4448 interius
1211 4399 1311 4446 terram
1319 4384 1563 4457 tangunt,qoando
1577 4398 1625 4454 per
1633 4381 1874 4438 comminationem

238 4480 305 4548 eali,
328 4478 430 4551 quibos
457 4477 550 4534 anima
573 4492 677 4535 vacans
700 4479 888 4550 inquietudine
911 4481 1046 4551 quadam'
1081 4497 1170 4556 poenae
1180 4471 1878 4538 terrenoslrominesintirooremconcitantacoelos

237 4571 382 4639 distracta,
390 4570 419 4626 ia
430 4584 462 4647 se
473 4569 532 4644 ipsa
540 4571 687 4628 amarescit
698 4570 1029 4641 relotabsintlriom,dom
1045 4551 1068 4608 ⁰
1083 4589 1148 4631 sero
1156 4583 1269 4644 tangere
1281 4571 1421 4635 ridentur,
1437 4568 1501 4623 dum
1520 4581 1569 4638 per
1584 4564 1811 4635 repromissiones
1825 4563 1876 4619 bei

238 4678 318 4721 soror
335 4660 420 4732 liuius
433 4659 560 4733 impellis,
572 4669 604 4716 ut
614 4660 707 4731 cupiat
717 4675 725 4716 ι
737 4660 825 4730 labor,
841 4671 872 4720 ot
886 4667 1030 4733 acquiratt
1078 4667 1219 4738 justorum
1233 4664 1316 4721 eorda
1329 4662 1363 4718 ad
1376 4677 1496 4717 amorem
1518 4659 1671 4715 coelestiunr
1691 4657 1875 4713 inflammant.

238 4750 322 4806 tirsor
334 4751 442 4821 snsist,
456 4767 492 4810 ne
504 4751 619 4826 perdatt
639 4755 717 4813 dolor
733 4757 756 4812 si
776 4758 819 4813 sel
834 4757 959 4816 affectata
976 4774 1031 4816 non
1081 4752 1453 4825 Portanraotempraedietss
1467 4749 1673 4806 columnatae
1689 4750 1777 4804 latera
1795 4749 1878 4820 qnasi

238 4842 374 4913 ‘humb
390 4844 434 4899 '0¹
458 4844 594 4916 ⁸lil⁰l³il²
609 4844 793 4918 derelinquat.
809 4850 894 4919 ltquae
908 4866 973 4907 uero
990 4852 1032 4909 ni·
1082 4852 1195 4910 sinistra
1215 4858 1304 4920 parte,
1318 4849 1382 4902 dum
1403 4844 1454 4900 riri
1469 4843 1559 4899 sancti
1577 4840 1735 4897 testimonio
1749 4840 1877 4910 Scriptu-

239 4933 312 4989 riam
327 4942 394 4991 sont
405 4931 538 4991 admota
553 4934 665 4994 malitie
681 4939 771 4995 cordis
794 4939 918 5007 bomani,
937 4950 1032 5011 utpote
1082 4959 1179 5002 rarum
1199 4942 1349 5001 ostendunt
1367 4940 1458 5012 impiis
1472 4954 1534 5010 quar
1548 4938 1585 4994 sit
1603 4936 1644 4992 ira
1658 4934 1794 4992 uenientis
1804 4934 1878 5005 judi·

239 5023 360 5093 induta,
379 5035 473 5096 secter,
493 5027 624 5095 baereses,
643 5028 718 5096 odia,
733 5038 760 5085 et
776 5029 904 5088 lratcrnae
919 5034 1033 5090 unitatis
1082 5038 1133 5103 cis,
1151 5034 1268 5093 tenebras
1283 5031 1410 5096 carceris,
1424 5029 1573 5086 crudelitas
1585 5029 1706 5094 tortoris,
1716 5027 1877 5085 immanitas
1898 5078 1900 5083 .

239 5116 393 5175 discordis:
407 5133 469 5190 qua
487 5119 549 5176 ideo
572 5121 660 5192 magis
680 5120 787 5194 trigidae
808 5122 917 5182 cacteris
934 5125 1033 5184 dicon·
1083 5131 1226 5204 supplicii,
1251 5128 1418 5188 diuturnitas
1444 5132 1555 5179 aeterne
1582 5122 1656 5180 illius
1676 5121 1872 5180 damnationis.

239 5214 294 5274 tur,
305 5209 439 5280 moniam
449 5211 566 5284 ampliss
581 5226 597 5268 s
611 5211 720 5271 lerrore
734 5216 877 5273 clraritatis
889 5219 1030 5275 recedunt.
1083 5224 1166 5294 Quasl
1185 5238 1201 5279 a
1220 5223 1331 5279 dextera
1354 5234 1420 5276 sero
1440 5229 1518 5291 parte
1532 5220 1668 5275 columne
1682 5217 1742 5272 istos
1756 5214 1815 5268 baec
1830 5212 1873 5267 la·

238 5298 324 5358 Vides
345 5302 421 5372 qood
433 5316 512 5375 suom
530 5304 634 5362 nivium
650 5305 796 5365 desursum
810 5308 837 5365 in
853 5319 953 5366 terram
969 5311 1031 5368 des·
1083 5325 1142 5372 tera
1170 5321 1297 5385 portans,
1325 5313 1389 5369 dom
1417 5311 1564 5367 secundnm
1588 5308 1733 5375 promisso·
1747 5300 1795 5356 Dei
1825 5302 1874 5357 de·

238 5394 370 5463 seodont,
384 5407 500 5468 esmuoe
513 5397 617 5455 diutius
640 5407 786 5469 occupant,
801 5401 854 5457 nisi
870 5401 970 5458 caloris
985 5403 1032 5460 be·
1084 5407 1215 5463 nunciant
1238 5405 1335 5461 electis
1360 5418 1421 5474 quae
1442 5403 1478 5459 sit
1502 5401 1557 5457 vita
1589 5401 1634 5454 illa
1651 5393 1873 5458 interminabilis.

238 5489 341 5547 nerto
353 5491 540 5550 resolvantur.
553 5491 695 5565 Spiritalie
708 5496 810 5551 etenim
827 5497 893 5553 vitia
913 5512 1031 5566 sorsum,
1084 5500 1226 5554 beatorum
1249 5497 1387 5563 societas,
1401 5495 1571 5551 immensitas
1587 5488 1701 5562 premit,
1715 5486 1875 5556 inconditas

239 5580 267 5637 ld
280 5589 338 5649 est,
351 5580 382 5639 in
394 5582 519 5656 sagetica
534 5584 808 5658 nators,priusnata
816 5597 1034 5658 suggerentem·
1085 5587 1172 5659 regni,
1196 5588 1267 5659 quod
1289 5596 1413 5659 paratum
1442 5597 1483 5641 ess
1504 5584 1607 5642 sanetis
1635 5598 1652 5640 s
1678 5578 1875 5638 constitutione

238 5681 299 5733 tore
311 5674 440 5749 ipsorum
451 5675 561 5735 diabolo
573 5677 601 5733 io
617 5687 730 5749 terrant,
744 5679 771 5737 id
785 5688 837 5746 est,
855 5679 881 5737 in
898 5690 1031 5747 terrenos.
1084 5681 1189 5736 rrrcndi.
1205 5679 1311 5747 Quibus
1326 5679 1462 5737 colnnrnis
1477 5686 1505 5733 et
1524 5675 1657 5732 lateribus
1673 5675 1713 5732 sic
1728 5673 1873 5741 ordinatis,

238 5778 266 5823 ss
280 5777 447 5841 pecatores
469 5768 596 5827 borsines
610 5769 792 5838 descendunt,
807 5784 910 5843 eosque
930 5771 1033 5827 diutius
1085 5771 1208 5827 tabulata
1233 5773 1334 5828 debent
1355 5771 1417 5842 poni
1444 5770 1587 5839 desuper:
1612 5769 1676 5841 quia
1692 5770 1763 5826 bona
1777 5783 1873 5841 opera,

239 5858 376 5933 ubres,
397 5860 451 5922 nisi
463 5860 546 5922 bane
562 5862 741 5925 clementiore
753 5865 853 5937 spirito
870 5879 919 5938 per
932 5866 1034 5924 contri·
1084 5881 1145 5938 qna
1159 5879 1209 5937 per
1223 5864 1343 5923 tabulata
1359 5864 1541 5935 accipiuntur,
1555 5864 1703 5938 preceptis
1714 5862 1884 5921 distensos·
