4425 6450
245 374 247 383 ’
277 412 333 471 ιιι
778 405 950 466 armorui
970 401 1206 462 roouaouvsrs
1226 401 1381 463 srrsuonr
1859 406 1913 463 trs

280 557 328 608 aut
350 547 446 620 quinto
468 544 654 616 conlunrisset
676 548 802 614 quartum
824 542 894 613 (tar,
910 548 956 596 aut
974 548 1072 610 quarto
1085 501 1291 606 s'proptrrqnns
1302 548 1395 591 noster
1408 533 1608 590 estsecundum
1621 544 1742 599 carnem,
1757 533 1819 590 etei
1835 506 1921 592 corn·⁴

284 634 477 710 preposutsscr
489 633 629 706 quintum.
1121 626 1245 698 patimur
1257 625 1328 681 sieut
1342 624 1418 681 carni
1436 632 1546 688 nostra,
1571 638 1620 693 pro
1640 638 1732 679 amore
1751 622 1800 680 Del
1816 633 1844 680 et
1862 642 1914 683 rru-

536 740 704 798 qusqogg
723 740 812 797 cm,
1123 724 1181 772 stro
1198 716 1345 781 revocetis,
1357 723 1384 770 et
1397 716 1515 771 animam
1530 711 1588 783 ejus
1607 714 1641 769 ab
1663 714 1844 774 amaritudine
1859 718 1914 773 eri-

383 849 417 888 ΑΒ
436 845 558 889 mm„
577 848 600 886 s·
620 847 730 888 mm
748 845 966 887 ,mmmm
1124 807 1232 875 pientes
1254 807 1400 877 assignetis
1425 808 1449 862 ei
1474 806 1584 861 stallum
1610 806 1636 861 in
1659 806 1743 863 choro
1766 806 1825 878 (51)
1840 809 1913 866 sicut

281 922 452 984 Comma,
463 921 631 977 Guggegmum
656 932 773 989 mom,
794 920 863 990 ,qm
882 931 909 974 „g
929 919 1069 992 gengqmm,
1123 897 1225 953 babere
1236 899 1316 962 solet,
1328 897 1418 952 sedem
1434 896 1460 952 iu
1472 897 1600 966 capitulo,
1613 896 1702 954 locum
1713 898 1740 951 in
1755 898 1911 969 relectorio,

503 1007 566 1062 erqo
584 991 669 1060 iprum
684 1007 712 1045 ce
725 990 852 1061 prebent.
1121 997 1150 1044 et
1166 985 1248 1057 291(
1263 1000 1312 1042 nos
1326 1002 1387 1042 eum
1400 986 1434 1042 ad
1447 1002 1494 1043 vos
1508 987 1671 1052 venerimus,
1686 983 1817 1043 offensam
1832 1002 1911 1046 suarn

317 1082 398 1140 Venit
417 1082 452 1137 ad
471 1097 521 1137 nus
543 1081 709 1137 nriserabilis
728 1094 854 1149 persona,
871 1079 904 1135 V.
925 1091 1009 1146 nepos
1024 1091 1069 1133 re·
1122 1087 1150 1135 et
1166 1077 1274 1148 culpam
1288 1076 1419 1134 iaciemus
1435 1078 1595 1147 regulariter
1608 1077 1759 1135 emendari.

283 1185 340 1232 ster
358 1173 446 1229 lactus
459 1173 530 1229 lilius
542 1173 656 1239 alienus,
677 1170 832 1227 claudicans
843 1171 869 1225 in
884 1170 987 1225 senritis
1000 1168 1069 1241 suis,
1370 1188 1536 1247 Epgsqogq
1549 1188 1661 1246 emp·

283 1265 394 1321 nriseria
410 1279 458 1321 sua
472 1264 504 1319 ad
521 1262 736 1319 misericordiam
751 1275 800 1317 nos
812 1259 939 1325 inritans,
952 1272 1070 1327 pauper·
1432 1298 1466 1337 A„
1485 1297 1605 1337 mm

285 1365 341 1411 tate
359 1357 393 1410 ad
418 1356 547 1425 pietatem
572 1367 620 1408 nos
644 1354 777 1420 excitans,
801 1349 1019 1408 tribulationibus
1037 1348 1070 1402 ad
1124 1373 1211 1443 309„
1227 1376 1303 1428 „mo
1330 1384 1357 1427 m
1378 1385 1495 1444 mmm
1515 1372 1685 1428 &quamam
1701 1374 1810 1446 gemm
1827 1378 1913 1431 ,mi—

283 1446 500 1516 compassionem
519 1459 569 1501 nos
590 1445 711 1499 trahens.
727 1443 833 1499 Movent
848 1458 895 1498 vos
917 1451 944 1496 ct
959 1442 1071 1497 allectus
1482 1444 1551 1511 piet.

283 1536 436 1607 sangrrinis,
458 1550 512 1605 quo
532 1536 610 1591 vobis
632 1535 767 1605 juugitur,
783 1543 810 1589 et
829 1533 949 1588 civitatis
969 1532 1071 1601 unitas,
1160 1531 1290 1601 ignorare
1304 1548 1334 1589 se
1356 1532 1422 1586 dicit
1448 1530 1578 1586 Salomon
1604 1534 1711 1601 penitus
1729 1534 1801 1588 riam
1814 1534 1865 1591 riri
1885 1534 1912 1590 in

283 1643 343 1694 qttae
361 1627 439 1683 nobis
457 1635 483 1681 et
497 1626 574 1682 vobis
590 1625 739 1681 nativitatis
758 1625 976 1680 communionem
991 1624 1072 1678 sorti·
1123 1624 1306 1681 arloiescentia
1332 1639 1391 1678 sua.
1417 1622 1518 1678 Facitis
1538 1632 1597 1689 est,
1613 1632 1641 1678 et
1657 1638 1730 1679 nune
1749 1624 1819 1691 bite,
1839 1640 1913 1682 nunc

285 1730 339 1786 tur,
364 1729 390 1773 et
411 1718 577 1790 praelationis
602 1725 699 1771 vestrae
725 1714 835 1781 titulus,
860 1729 920 1789 qum
944 1713 1071 1770 omnibus
1123 1712 1189 1769 illuc
1202 1727 1261 1769 sese
1274 1722 1393 1777 vertens,
1414 1715 1441 1768 iu
1454 1712 1527 1766 bivio
1542 1712 1872 1782 Pythagoricomducitur
1885 1724 1914 1769 et

284 1810 391 1868 afflictis
404 1809 618 1869 misericordiam
635 1807 793 1884 impendere
807 1815 922 1862 tenetur.
938 1805 977 1859 lle
989 1806 1072 1876 igitur
1123 1811 1211 1858 errat.
1227 1802 1348 1857 tentatis
1370 1814 1460 1858 tamen
1483 1812 1526 1858 est
1546 1817 1623 1857 error
1643 1804 1786 1871 iuvenum,
1802 1806 1849 1875 qui
1865 1819 1915 1875 per

284 1900 387 1955 diutius
413 1898 610 1969 compellatur,
636 1907 664 1952 et
685 1906 762 1954 extra
790 1910 914 1967 gregem,
945 1896 1070 1964 luporum
1088 1863 1324 1965 Bcorreptionem
1336 1895 1370 1950 ad
1381 1896 1576 1951 correctionem
1590 1894 1714 1962 redeunt,
1726 1905 1754 1951 et
1765 1910 1826 1951 oum
1839 1896 1916 1966 prius

283 1990 418 2053 morsibus
443 2000 554 2060 patere,
578 1998 607 2044 et
630 2003 773 2059 porcorum
800 1987 916 2056 siliquas
952 1986 1074 2042 esuriens
1128 1986 1337 2043 ambulaverunt
1350 1986 1408 2041 rias
1420 2001 1472 2041 non
1488 1985 1584 2051 bonas,
1596 1986 1716 2057 dirigunt
1727 1997 1839 2054 gressus
1849 2003 1915 2045 suos

285 2083 467 2149 nrandncare;
490 2094 636 2151 rogamus,
651 2078 816 2134 consulimus
831 2086 858 2133 et
875 2092 1016 2133 monemus
1031 2086 1072 2144 ut,
1127 2075 1157 2131 in
1172 2076 1278 2131 semitis
1297 2074 1426 2143 justine,
1446 2084 1609 2147 peragentes
1631 2076 1746 2131 viriliter
1761 2092 1811 2147 per
1825 2078 1915 2149 poeni·

283 2171 329 2240 qui
352 2184 400 2226 vos
414 2184 463 2241 per
478 2181 603 2226 naturam
628 2168 729 2223 meruit
743 2168 847 2224 lrabere
869 2178 1007 2239 patruum,
1025 2182 1075 2238 pcr
1127 2168 1252 2233 terrtiarrr,
1268 2166 1339 2236 qnod
1365 2165 1507 2235 pueriliter
1531 2166 1700 2222 admiserunt
1719 2182 1768 2237 per
1790 2169 1914 2240 eulpam.

286 2261 449 2318 industriam
471 2270 499 2319 et
514 2275 610 2319 curam
632 2268 769 2316 mereatur
793 2259 897 2315 lrabera
913 2258 1023 2315 Patrem
1046 2267 1075 2315 et
1125 2254 1154 2310 ld
1167 2258 1350 2324 attendentes,
1366 2256 1393 2310 in
1410 2255 1551 2310 willermo
1567 2257 1662 2324 brrrrae,
1681 2264 1710 2311 ut
1728 2273 1802 2313 nune
1823 2260 1914 2315 credi-

285 2363 443 2425 patrorrnnr.
1125 2360 1196 2411 mus,
1212 2344 1361 2401 voluntatis
1383 2345 1486 2412 iurene
1506 2345 1580 2416 (sit,
1605 2348 1651 2416 qui
1671 2363 1685 2402 a
1704 2347 1779 2403 vobis
1804 2350 1915 2406 incaute

486 2443 566 2515 293
586 2441 752 2497 irrisioni
771 2440 870 2497 cxcii.
1127 2436 1251 2498 recessit,
1267 2444 1294 2490 et
1318 2435 1423 2491 iutente
1440 2437 1541 2492 reverti
1562 2438 1595 2491 ad
1616 2453 1665 2493 vos
1681 2439 1829 2507 desiderat,
1848 2457 1915 2513 sup-

595 2550 627 2588 ιιι
647 2548 767 2589 euunnrr.
1126 2524 1257 2596 plicamus
1274 2536 1301 2581 ct
1314 2528 1443 2596 petimus,
1457 2537 1486 2581 ut
1497 2541 1547 2597 pro
1561 2543 1653 2586 amore
1668 2530 1713 2583 bei
1728 2539 1755 2584 et
1770 2541 1876 2594 nostro,
1890 2533 1913 2589 si

346 2625 443 2682 Scribit
456 2628 553 2680 iterum
566 2627 594 2679 iu
608 2625 723 2694 graiium
735 2624 853 2694 eiusdem
867 2622 1012 2679 Guillclmi.
1127 2626 1319 2686 compunctum
1333 2618 1457 2674 videritis
1474 2627 1503 2674 et
1518 2619 1659 2685 lrumilenr,
1680 2620 1753 2675 salva
1768 2622 1913 2691 disciplina

321 2719 349 2775 iii
365 2718 489 2774 oblivisci
510 2716 630 2789 potuerit
648 2726 735 2772 mater
749 2716 866 2773 liliorum
880 2717 951 2772 uteri
973 2716 1015 2772 sul
1027 2756 1034 2782 ,
1047 2723 1075 2771 et
1128 2710 1235 2765 ordinis
1253 2708 1370 2777 benigne
1384 2708 1526 2777 suscipio,
1541 2708 1670 2765 benevole
1688 2710 1768 2764 simul
1783 2721 1812 2766 et
1827 2711 1914 2766 bene·

285 2820 377 2866 vester
400 2809 598 2877 lauriacensis,
619 2807 790 2864 charissime
815 2809 910 2865 macris
935 2823 992 2864 suae
1016 2806 1074 2879 (50)
1128 2802 1178 2856 lice
1197 2809 1322 2864 tractate,
1337 2815 1371 2855 ne
1390 2800 1411 2855 si
1437 2801 1516 2867 lorte,
1538 2802 1610 2870 quod
1624 2802 1710 2857 absit!
1727 2803 1914 2859 crmlelesvos

285 2902 476 2966 obliuiscetur,
496 2914 558 2955 eum
579 2901 631 2954 lroe
652 2908 680 2954 et
694 2899 728 2956 de
749 2909 848 2956 natura
870 2900 994 2956 uideatur
1007 2898 1075 2954 dilli-
1125 2891 1207 2962 295
1222 2901 1250 2947 et
1265 2892 1348 2948 duros
1360 2892 1509 2958 invenerit,
1528 2892 1662 2948 calamum
1676 2902 1833 2962 quassatum
1848 2909 1914 2950 con·

286 2990 348 3054 cile,
371 2985 399 3044 e't
421 2993 453 3043 de
477 2987 551 3044 lacto
573 2986 713 3060 judicetur
733 3003 855 3046 enorme.
884 2989 965 3046 ilaue
983 2999 1075 3049 antem
1126 2982 1222 3038 teraris
1239 2984 1266 3037 in
1280 2998 1325 3051 eu,
1342 2992 1370 3040 et
1385 2983 1469 3037 linum
1485 2981 1621 3053 lumigarrs
1632 2985 1822 3055 exstinguatis.

286 3079 478 3137 enormitatem
491 3078 526 3135 de
546 3079 696 3135 uisceribus
709 3079 809 3135 vestris
824 3081 952 3137 exturbat
967 3081 1074 3151 penitus
1368 3095 1535 3153 gpqspogq
1555 3095 1669 3154 (ζων,

194 3248 202 3263 ‚
286 3187 314 3234 et
328 3176 462 3247 exstirpat
476 3173 568 3232 lervor
579 3173 724 3231 citaritatis
737 3188 819 3246 quam
836 3189 901 3246 erga
915 3189 964 3231 ros
976 3175 1110 3258 habui-0
1443 3203 1477 3242 nn
1497 3198 1594 3242 runnu.

287 3284 348 3333 mus
371 3269 518 3333 hillinus·
533 3274 561 3322 θῑ
585 3267 715 3322 habemus
738 3273 767 3321 0²
785 3265 906 3337 quindiu
926 3265 1075 3320 l3¹0¹i¹¹¹¹¹⁸
1147 3279 1234 3351 Roget
1253 3289 1280 3335 ut
1300 3280 1454 3335 orandorum
1468 3281 1640 3349 apostolicum
1655 3285 1687 3337 de
1700 3282 1901 3354 quibuscunque·

287 3358 405 3414 babituri
423 3372 533 3424 sumus,
548 3371 630 3426 quam
649 3370 698 3426 per
712 3355 760 3411 liei
771 3356 885 3426 gratiam
899 3371 953 3412 non
965 3355 1075 3410 turbare
1236 3352 1366 3405 ordinatii
1381 3352 1415 3404 nd
1434 3362 1517 3405 term
1535 3355 1677 3422 rabidum
1691 3355 1804 3408 milii·

287 3447 434 3504 dilationes
447 3444 560 3514 aliquae,
584 3458 635 3499 nee
656 3443 830 3512 exstinguere
852 3450 981 3512 poterunt
996 3455 1075 3510 aquae
1161 3438 1238 3494 Sicut
1249 3455 1341 3497 nruros
1362 3442 1441 3495 almae
1458 3439 1539 3496 Urbis
1550 3440 1611 3510 jure
1624 3443 1697 3497 cirili
1710 3453 1858 3501 sanctosct
1871 3446 1914 3502 in·

287 3534 388 3591 multe.
401 3534 430 3589 ln
443 3533 558 3590 lerventi
571 3533 710 3604 proposito
722 3534 855 3590 babemus
869 3542 898 3588 et
908 3531 1010 3588 diutius
1023 3531 1074 3585 ira·
1125 3527 1271 3586 ululabiles
1284 3544 1344 3587 esse
1356 3532 1511 3601 didicimus,
1523 3532 1592 3588 adeo
1608 3545 1636 3589 ιιι
1650 3536 1696 3604 qui
1714 3548 1763 3591 eos
1778 3537 1916 3594 transilie-

194 3660 197 3665 ·
287 3629 395 3684 buimus
408 3626 523 3683 uisitare
538 3641 599 3691 vos,
617 3624 689 3682 sicut
711 3624 772 3681 illos
784 3639 853 3695 quos
874 3626 902 3680 in
922 3622 1075 3679 visceribus
1125 3619 1194 3686 rint,
1207 3635 1287 3693 perna
1311 3624 1432 3694 capitali,
1444 3625 1591 3680 severitate
1606 3625 1734 3682 liomulea
1749 3627 1806 3698 (55)
1822 3630 1914 3698 puniri

288 3719 391 3776 nostris
404 3732 514 3789 semper
523 3726 681 3788 gestamen
699 3717 748 3774 sed
762 3716 842 3787 hujus
854 3714 985 3787 propositi
1000 3728 1076 3769 com·
1126 3712 1243 3771 debeant
1262 3733 1270 3769 :
1283 3715 1320 3770 ita
1337 3724 1365 3770 et
1376 3725 1480 3773 sanctae
1492 3716 1622 3773 iiomanae
1640 3718 1769 3776 Ecclesia
1781 3723 1913 3777 mandata

287 3812 454 3882 plementum
478 3809 559 3867 nobis
574 3810 697 3866 invident
713 3811 921 3880 occupationum
937 3805 1033 3863 linctus
1047 3811 1083 3861 et'
1124 3807 1386 3877 intransgressibilis
1399 3808 1462 3877 jure
1476 3810 1609 3866 canonico
1618 3812 1780 3867 confitemur
1791 3827 1851 3869 esse
1865 3814 1915 3869 de-

188 3926 191 3936 ·
288 3902 526 3958 innumerabilium
543 3904 712 3973 negotiorum
732 3916 874 3958 occursus.
890 3899 977 3968 Quam
993 3901 1075 3956 eitius
1124 3898 1208 3966 bere,
1222 3910 1250 3955 et
1264 3914 1357 3955 eorum
1379 3908 1565 3969 contemptum
1588 3903 1736 3958 severitate
1758 3905 1913 3973 apostoliea

287 3993 440 4060 poterimus
456 3992 629 4050 visitabimus
640 4009 699 4060 vos,
715 3993 772 4050 bec
787 3993 904 4059 volente,
917 4004 946 4049 et
960 3992 1073 4048 invicem
1125 3989 1303 4060 puniendum.
1318 3989 1485 4044 Conlldimus
1505 3999 1597 4045 autern
1613 3993 1646 4046 de
1666 3993 1852 4050 benevolentia
1865 4011 1915 4066 pa·

288 4083 497 4152 gratulabimur,
515 4085 632 4141 invicem
658 4084 875 4150 consolabimur,
891 4086 1026 4141 ebaritate
1048 4095 1075 4139 et
1127 4082 1262 4137 ternitatis
1277 4093 1386 4149 vestrae,
1402 4082 1474 4151 quod
1489 4082 1567 4140 uobis
1580 4093 1708 4155 tanquam
1723 4086 1915 4146 obedientibus

288 4173 430 4233 devotione
444 4176 575 4232 iraterna.
588 4176 713 4234 Accessit
730 4176 765 4231 ad
785 4191 837 4230 nos
856 4175 942 4231 irater
960 4187 987 4231 et
1004 4176 1075 4229 iiius
1125 4171 1190 4225 liliis
1204 4187 1377 4241 nequaquam
1391 4173 1568 4244 impossibilia
1586 4184 1614 4229 et
1634 4175 1814 4234 intolerabilia
1832 4196 1913 4235 ruan-

288 4275 379 4321 vester
394 4265 564 4333 willelmum
590 4267 714 4335 angustia
732 4280 781 4320 sua
804 4267 882 4321 nobis
895 4268 1033 4336 proposita
1048 4277 1075 4322 et
1124 4263 1191 4320 dare
1213 4266 1368 4333 lrrtenditis;
1393 4271 1441 4325 sed
1468 4284 1528 4340 qua
1542 4276 1569 4326 et
1592 4271 1769 4340 praesentibus
1785 4286 1845 4328 esse
1863 4273 1916 4329 dc·

288 4356 412 4428 exposita
437 4355 470 4409 ad
496 4356 572 4408 mire
593 4355 793 4424 compassionis
820 4355 945 4411 allectum
970 4358 1074 4413 viscera
1124 4357 1206 4414 beant
1220 4370 1329 4431 accepta
1345 4371 1374 4419 et
1387 4363 1474 4431 utilia,
1486 4373 1514 4420 et
1533 4367 1651 4435 posteris
1663 4366 1812 4437 profutura.
1826 4369 1915 4424 Acce-

289 4453 383 4498 nostra
397 4443 560 4508 commovit,
577 4458 638 4496 cum
654 4442 732 4498 nobis
745 4441 871 4496 uideatur
887 4458 935 4498 ros
949 4447 1073 4501 errrudern
1125 4446 1193 4501 dunt
1205 4448 1239 4501 ad
1253 4463 1303 4503 nos
1316 4448 1475 4520 frequenter
1484 4462 1512 4508 ct
1525 4454 1625 4523 passim
1641 4471 1703 4510 cunr
1717 4457 1817 4512 divinis
1829 4459 1916 4526 apici·

289 4534 437 4588 secundum
449 4531 519 4601 juris
532 4543 559 4588 et
578 4534 682 4588 ordinis
696 4533 783 4589 nostri
798 4534 929 4607 liegulam
948 4553 1001 4593 non
1020 4548 1075 4594 tra·
1091 4528 1180 4594 isne
1192 4539 1291 4594 vestris
1306 4543 1397 4610 plures
1410 4560 1534 4610 numero,
1551 4547 1628 4617 pauci
1644 4549 1750 4613 merito,
1764 4549 1824 4604 sine
1837 4551 1913 4606 omni

289 4636 386 4681 ctasse.
409 4623 549 4695 Rogamus
572 4641 620 4682 vos
645 4627 716 4684 sicut
742 4627 867 4683 dominos
894 4638 1016 4694 nostros,
1040 4631 1074 4686 de
1126 4633 1332 4690 examinatione
1346 4637 1471 4706 originis,
1490 4641 1665 4705 conditionis,
1679 4640 1783 4707 delicti,
1799 4642 1840 4697 vel
1856 4643 1914 4696 cri·

287 4717 386 4788 quibus
400 4716 479 4788 plene
493 4719 666 4786 conlidinrus,
681 4727 709 4774 nt
723 4733 797 4784 eum,
813 4721 869 4788 qui,
882 4720 955 4776 sicut
977 4724 1074 4787 nostis,
1126 4723 1219 4791 minis,
1233 4725 1348 4782 terribili
1362 4731 1572 4787 commonitorio
1587 4731 1628 4788 vel
1646 4733 1853 4787 eorrrnrirratoriu
1865 4749 1914 4789 no·

323 4853 383 4978 silli
396 4852 424 4909 ld
437 4862 480 4909 est
491 4855 670 4937 considerans
685 4853 813 4936 abyssum
831 4871 972 4938 paenarum
990 4857 1074 4920 irrier·
1125 4858 1181 4916 lum
1192 4863 1301 4921 mittere
1315 4866 1341 4919 in
1353 4865 1461 4927 stallum
1474 4867 1581 4923 decani.
1596 4886 1605 4919 r
1621 4868 1654 4921 Et
1669 4854 1783 4921 interius
1793 4854 1910 4921 dic‘it'ur:

253 4971 254 4975 ,
288 4939 324 4979 na
338 4937 404 4989 nrm,
418 4924 565 4978 deterrrtus
579 4924 676 4981 tnrsset
689 4938 724 4981 ne
741 4926 877 4982 incideret
888 4942 916 4982 m
936 4937 1073 4997 quartum,
1129 4947 1140 4981 ι
1158 4931 1295 4988 Fecerunt
1310 4937 1460 4991 canonicos
1480 4936 1614 4990 introduci
1637 4939 1664 4989 in
1680 4936 1772 4990 stallos
1789 4950 1864 5001 suos,
1879 4937 1914 4990 de

288 4992 396 5076 scilicet
407 4992 534 5074 abyssum
550 4994 718 5076 rapinarum.
815 5063 832 5077 ..
944 5066 949 5078 .
1040 5067 1045 5078 Ι
1126 5002 1737 5074 quibusarehiepiscopuseosdesaisierat.r

324 5061 528 5184 (ιιιξῖΙΕιιΙιιριωἴ
549 5063 653 5143 scrlrcet
672 5062 702 5119 S.
728 5065 832 5121 Evurtrr
856 5066 1071 5134 Aurelianensis,
1162 5071 1219 5152 (52)
1233 5071 1296 5129 llaec
1309 5073 1425 5155 epistola
1447 5076 1672 5156 scripta'quoque
1684 5085 1726 5131 est
1740 5073 1852 5154 Rectero
1865 5075 1914 5129 ab·

287 5133 783 5284 quilii).[lliTt,ilgllffir'rf‚e;e⁸it¹us¹iallus,
804 5207 883 5262 sedes
902 5205 947 5260 illa
972 5204 998 5258 in
1020 5221 1073 5276 qua
1124 5137 1916 5282 ’Ἧιιιιιιῗειξέἔιἓὲἒιεὲιῗέῧξποιΐὲῗιῗ,ῗιτὲιιὲεῃῗὲῧιῗιριιιᾙᾞ

287 5272 412 5331 cauenrei
426 5269 542 5327 ollicrum
555 5271 676 5353 drrrnurn
689 5274 873 5344 persolventes
887 5276 994 5339 sedent,
1008 5285 1035 5328 ct
1048 5277 1074 5329 in
1125 5277 1248 5342 eiusdem
1262 5281 1379 5345 abbatis,
1390 5283 1497 5355 sibique
1509 5282 1569 5336 ideo
1584 5283 1744 5351 cognatione
1754 5280 1911 5348 conjuncto.

288 5355 342 5411 qua
365 5350 513 5421 ponuntur,
529 5342 637 5409 quando
657 5357 683 5396 m
707 5346 907 5414 possessionem
924 5344 1074 5412 prebendae
1125 5345 1213 5417 lingat
1226 5357 1256 5405 ut
1267 5352 1425 5406 redeuntem
1438 5352 1554 5422 benigne
1564 5353 1695 5421 suscipiat
1713 5348 1912 5423 postquamju·

288 5425 345 5475 pue
367 5409 548 5474 inducuntur,
569 5419 598 5464 et
621 5419 651 5466 ut
673 5413 757 5468 verbo
776 5414 840 5470 inde
863 5414 1073 5476 derivatoutar,
1124 5419 1222 5474 senilis
1246 5421 1331 5476 anirni
1365 5420 1475 5477 levitate
1499 5423 1627 5491 abreptus
1652 5422 1802 5478 claustrum
1835 5421 1912 5477 ‹iesc-

287 5477 472 5534 instailautur.
498 5478 567 5534 ilinc
585 5479 701 5552 legimus
724 5485 795 5553 apud
818 5482 947 5539 liuueden
975 5483 1002 5537 in
1028 5482 1075 5535 iii·
1124 5489 1234 5544 ruisset.

289 5548 393 5604 eirardo
408 5545 428 5614 l,
442 5562 503 5630 pag.
517 5547 590 5603 659:
610 5566 620 5602 ι
635 5550 761 5633 dumque
773 5553 904 5633 llerrricus
921 5553 991 5634 idern
1005 5552 1075 5610 Ebo-
1092 5598 1098 5608 .
1159 5557 1216 5627 (53(
1228 5557 1356 5631 iutelligit
1378 5560 1411 5614 de
1432 5574 1510 5629 poena
1526 5560 1552 5614 in
1568 5558 1701 5622 iieurum.
1720 5558 1841 5622 mandati
1857 5557 1912 5615 lio·

225 5637 235 5655 ·
290 5629 384 5670 raeum
406 5625 513 5673 veniret
538 5632 600 5673 eum
624 5619 721 5675 luterus
739 5634 813 5690 regns
832 5625 865 5677 ad
888 5623 1071 5692 reerprendrrm
1123 5628 1204 5694 mrrlei
1219 5639 1458 5702 transgressorem,
1476 5631 1541 5695 lata,
1556 5631 1589 5684 de
1603 5646 1656 5699 qna
1672 5631 1726 5686 Tit.
1740 5630 1812 5696 Lim,
1823 5629 1869 5686 lib.
1884 5644 1911 5682 t:

290 5681 536 5766 decanatuumnon
552 5688 657 5770 invenit
672 5688 719 5757 qui
731 5702 796 5770 eum
807 5693 837 5746 iu
854 5693 963 5747 stallum
977 5692 1071 5749 decurri
1126 5713 1136 5749 r
1152 5695 1202 5750 Vol
1221 5699 1292 5754 atior
1310 5702 1382 5754 lanta
1397 5708 1438 5753 est
1457 5699 1572 5755 ludibrio
1588 5699 1683 5756 lrutris
1696 5701 1810 5755 lierrrum
1828 5713 1912 5754 uovos

290 5759 414 5829 trutteret
429 5773 436 5808 ι
449 5755 577 5810 dicebant
591 5763 764 5840 enrmcterrcr
780 5758 957 5816 ilboracerrsis
978 5762 1071 5817 bcete·
1125 5715 1276 5825 transilisse
1298 5785 1401 5835 umros,
1416 5769 1531 5837 indeque
1552 5769 1586 5824 ab
1600 5771 1669 5827 irato
1691 5769 1805 5826 Romulo
1825 5769 1915 5826 inter·.

290 5832 350 5900 ritu,
365 5823 435 5892 quud
455 5823 544 5879 trullus
563 5835 661 5898 practer
675 5827 909 5909 archrepiscupum
926 5833 1019 5890 debuit
1041 5833 1072 5889 il·
1121 5835 1253 5892 tectum.»
