4425 6450
282 444 335 503 tta

706 439 899 506 dbShLONiS
916 439 1062 503 nubitis
1082 446 1454 505 suntucdtttsuactrists

1853 452 1909 509 ili

280 571 408 633 queratur.
423 559 541 630 Spiritus
554 573 617 613 tero
637 561 791 628 adoptionis
805 560 987 629 perlectorum
1010 571 1062 628 est,
1078 568 1100 626 Α
1117 562 1215 617 iactum
1227 572 1268 619 ost
1282 572 1459 634 unguentum,
1470 561 1563 629 sicque
1577 562 1707 618 adomnia
1718 565 1815 621 rrterrtis
1829 584 1899 625 cou-

281 663 309 708 ει
323 652 477 723 specialiter
490 650 560 705 sslios
575 649 623 705 Del
646 650 711 706 lacit
727 653 798 706 sicut
819 653 964 722 Apostolus
976 654 1041 709 dicit
1058 671 1065 708 :

281 745 339 800 lion
353 744 498 813 accepistis
513 743 614 798 iterum
626 744 752 813 spiritum
768 746 907 801 serr-tinnis
917 746 943 801 in
958 747 1066 815 timore,

282 838 328 895 sed
343 839 470 908 spiritum
485 838 640 908 adoptionis
655 838 784 905 liliorum,
798 840 849 894 hoc
860 848 911 903 est,
924 855 974 909 per
987 855 1068 909 quem

281 930 512 1001 adoptatiestisin
526 930 605 996 lilios,
617 938 644 986 et
661 946 751 986 arram
774 941 883 986 aeternae
903 931 1070 988 hereditatis

281 1022 435 1091 accepistis.
454 1020 543 1078 llahet
563 1024 615 1078 iste
637 1024 752 1094 spiritus
766 1038 848 1092 opera
859 1038 920 1089 sua,
934 1039 994 1094 quae
1005 1031 1069 1081 sunt

281 1110 401 1181 gaudere
424 1109 518 1165 laetitia
550 1111 679 1181 spiritali,
707 1114 815 1169 ierrere
837 1114 945 1184 spiritu,
970 1116 1069 1170 deuote

281 1217 372 1265 orare,
388 1201 534 1271 vigilanter
555 1204 684 1260 insistere
701 1205 822 1270 lectioni,
840 1214 868 1262 et
892 1217 987 1262 sancta
1010 1222 1069 1263 mc·

281 1293 414 1348 ditatione
428 1294 521 1349 rimari
538 1295 662 1350 caelestia
678 1306 705 1351 et
724 1296 776 1350 alia
793 1298 957 1367 hujusmodi,
971 1299 1069 1367 quihus

282 1385 308 1435 in
325 1392 428 1438 tanturn
453 1384 612 1440 dulcoratur
626 1388 729 1455 anima,
745 1398 776 1442 ιιι
789 1388 902 1444 silescat
915 1389 940 1443 ci
952 1389 1069 1444 mundns

282 1485 342 1524 cum
359 1471 586 1530 delectationibus
603 1477 670 1549 stris..
688 1476 715 1530 Si
738 1476 873 1543 spiritalia
896 1493 958 1532 curn
973 1492 1069 1548 corpo·

284 1562 386 1618 ralihus
402 1563 519 1619 uelimus
541 1581 712 1636 comparare,
734 1567 855 1623 dicemus
873 1570 936 1639 guia
957 1570 1070 1640 spiritns

283 1655 504 1733 compunctionis
523 1655 718 1711 lerrmncntum
734 1666 777 1712 εει
794 1676 801 1711 :
817 1658 929 1728 spiritus
944 1672 1071 1729 compat·

282 1745 379 1811 sionis,
399 1759 567 1818 unguentum
590 1763 598 1801 a
619 1749 734 1819 spiritus
752 1752 925 1820 adoptionis,
951 1751 1071 1807 electua-

282 1836 365 1892 rium.
381 1835 500 1907 Spiritus
515 1841 732 1910 corrrpnnctiouis
753 1842 918 1899 ferramento
931 1857 1071 1912 compara·

1118 655 1183 709 llnia
1198 657 1353 711 decucurrit
1373 654 1529 727 [decurrirl.
1548 653 1623 711 ilons
1637 657 1769 724 siquidem
1781 657 1907 722 Christus

1119 756 1195 815 erat;
1206 760 1294 813 motis,
1306 748 1426 818 inquam,
1437 748 1480 802 ille
1488 747 1643 818 coagulatus
1651 758 1679 802 ει
1688 751 1806 821 pinguis,
1817 754 1843 809 in
1855 772 1908 825 nuo

1120 838 1308 893 misericordia
1321 849 1349 893 et
1362 838 1462 893 ueritas
1474 838 1652 893 obviaverunt
1665 840 1728 905 sihi,
1749 841 1854 909 iustitia
1878 856 1906 901 ει

1119 948 1173 1004 par
1189 934 1319 990 osculata
1333 946 1397 991 sunt
1413 954 1420 991 :
1436 937 1461 990 in
1482 951 1537 1006 qno
1553 937 1645 993 unctio
1661 939 1823 1007 spiritalium
1838 944 1906 999 cha-

1120 1026 1261 1080 rismatum
1281 1026 1369 1093 posita
1386 1025 1436 1079 luit
1452 1042 1513 1081 curn
1538 1028 1611 1081 omni
1629 1029 1804 1096 plenitudine.
1822 1032 1909 1087 dccc-

1120 1117 1200 1172 dente
1232 1126 1323 1171 autem
1335 1118 1398 1189 igne
1411 1116 1529 1188 Spiritus
1544 1120 1629 1175 sancti
1645 1130 1810 1188 unguentum
1827 1123 1906 1178 hoca

1120 1209 1225 1263 vertice
1238 1208 1336 1262 montis
1347 1208 1375 1261 in
1391 1208 1471 1278 plarm
1492 1210 1641 1273 descendit,
1656 1211 1719 1280 qnia
1741 1227 1790 1279 pro
1810 1228 1907 1281 opera-

1121 1301 1222 1356 tionem
1237 1301 1322 1357 sancti
1337 1300 1456 1370 Spiritus
1471 1317 1486 1356 a
1503 1301 1612 1357 Christo
1625 1302 1650 1357 in
1665 1318 1760 1357 orrtncs
1777 1303 1907 1360 neclecta

1121 1389 1192 1444 iiiios
1208 1387 1327 1457 Spiritus
1344 1391 1434 1445 salicti
1451 1392 1537 1460 gratia
1552 1390 1635 1446 cllusa
1650 1402 1700 1447 cst.
1719 1392 1774 1449 lloc
1789 1395 1906 1464 deniqne

1121 1489 1164 1536 est
1179 1489 1349 1548 unguentum
1369 1481 1516 1545 unctionis,
1527 1498 1581 1551 qno
1594 1484 1796 1539 tabernaculum
1811 1496 1837 1540 ει
1852 1501 1909 1540 οιιι·

1121 1574 1165 1627 nia
1182 1589 1244 1629 rasa
1258 1575 1318 1642 eius
1333 1574 1472 1629 immotum
1484 1584 1524 1628 est
1539 1573 1636 1646 (deod.
1649 1575 1724 1647 ιιι),
1736 1576 1788 1630 hoc
1800 1587 1841 1631 est
1857 1593 1908 1630 irrr-

1122 1670 1251 1735 gncnttrm
1267 1665 1338 1734 quod
1352 1680 1367 1719 a
1385 1664 1475 1735 capite
1488 1664 1515 1718 in
1528 1665 1640 1718 harhnrn
1649 1666 1752 1731 Aaron,
1765 1675 1790 1719 ct
1802 1664 1863 1718 inde
1880 1664 1906 1717 ἱιι

1121 1769 1199 1810 oram
1228 1756 1386 1812 vestimenti
1416 1756 1475 1826 ojus
1507 1755 1649 1811 descendit
1676 1755 1764 1827 (Psoi.
1791 1755 1907 1827 cruris).

1123 1843 1222 1900 llerito
1244 1846 1337 1916 utique
1359 1844 1501 1901 deseendit
1523 1859 1537 1898 a
1563 1845 1648 1901 barba
1672 1845 1699 1899 in
1717 1860 1794 1900 orarn
1823 1845 1907 1900 resti-

284 1937 339 1992 tnr,
356 1929 417 1998 quia
429 1930 500 1985 sicut
511 1932 670 1986 medicinale
683 1932 785 1989 terrum
800 1933 923 1988 morbum
947 1934 1071 2001 corporis
1085 1914 1107 1969 Β
1121 1938 1218 2002 ιιιειιιι,
1233 1938 1296 2008 grtia
1311 1945 1473 2010 unguentum
1487 1952 1540 1993 non
1551 1945 1611 1993 erat
1624 1937 1716 1994 barbae
1733 1938 1780 1992 sed
1792 1937 1901 2006 eapitis.

283 2022 381 2092 pungit
406 2032 433 2077 et
459 2024 646 2093 praemialis
668 2034 696 2080 et
719 2024 830 2094 spiritns
852 2027 1070 2095 compunctionis

285 2115 409 2170 morbum
433 2116 532 2171 animae
553 2116 647 2185 pnngit
678 2132 727 2186 per
747 2117 868 2171 tlolnrerrr
897 2128 924 2171 ει
951 2118 1070 2187 pretinm

284 2208 366 2265 rnodu
377 2208 491 2278 expellit
503 2224 552 2278 per
572 2208 703 2265 humilem
718 2209 931 2263 corriessinnern.
952 2208 1071 2278 Spiritus

285 2302 482 2371 compassionis
494 2310 822 2372 ungnentocomparatnr,
840 2301 982 2370 qrrrrniam,
999 2301 1069 2354 sicut

285 2400 458 2464 unguentum
481 2392 514 2448 ad
539 2391 706 2462 ruitigandos
730 2391 839 2448 dolores
856 2391 982 2461 corporis
1006 2389 1073 2445 ioris

278 2468 444 2556 apponitur,
460 2486 496 2541 ita
518 2487 551 2541 ad
569 2486 751 2542 sublevandas
766 2487 942 2542 necessitates
956 2485 1071 2540 misero·

286 2587 348 2627 rum
364 2587 447 2642 opera
461 2573 659 2629 misericordiae
674 2576 798 2630 exterius
812 2583 995 2645 apponuntur.
1012 2572 1073 2644 Spi-

286 2665 358 2721 ritus
370 2665 526 2734 adoptionis
542 2675 616 2722 recte
629 2666 731 2722 dicitur
746 2666 934 2731 electuarium,
950 2665 1021 2735 ptrod
1040 2680 1072 2719 cx

279 2734 430 2842 fspeciebus
446 2760 604 2816 aromaticis
618 2761 762 2816 coniicitur
775 2770 802 2815 et
817 2762 895 2817 dulce
910 2770 953 2816 est
969 2760 1073 2829 palato,

286 2858 316 2906 et
327 2852 543 2907 conservativum
558 2851 700 2918 sanitatis;
719 2851 782 2921 qtria
809 2867 865 2922 prae
887 2852 995 2907 ceteris
1017 2851 1074 2920 spi·

280 2919 408 2997 ¹ritalirtm
433 2941 584 3011 gratiarum
618 2941 704 2996 habet
728 2942 944 3008 abundantiam,
976 2942 1076 3012 gruibus

281 3002 380 3088 *anima
394 3031 563 3100 dulcoratur,
580 3041 607 3088 et
619 3033 739 3105 uigorem
756 3034 855 3104 accipit
875 3033 1076 3090 iuternaesani·

281 3089 368 3227 :tetih
380 3126 451 3185 sicut
466 3125 567 3183 Paulus
579 3126 662 3184 dicit:
676 3126 792 3183 Fructus
806 3134 897 3182 autern
911 3128 1023 3198 spiritus
1035 3136 1078 3184 est

282 3218 424 3304 holiaritas,
446 3220 588 3290 gaudium,
611 3235 677 3290 pax,
703 3220 844 3291 patientia,
873 3220 1075 3292 longanimitas,

288 3313 409 3378 beatitas,
428 3315 620 3380 matrsuetudo,
637 3314 715 3379 hdes,
736 3314 878 3380 modestia,
892 3316 1075 3382 continentia,

282 3387 405 3481 :castitas
429 3401 501 3476 (Gai.
527 3407 565 3476 ι).
591 3405 635 3470 Et,
653 3407 781 3475 qnoniam
809 3407 879 3461 lianc
901 3407 1075 3462 multifariam

282 3492 488 3573 {plenitudinem
515 3513 585 3552 utros
605 3495 723 3567 Spiritus
749 3506 880 3567 operatur
896 3498 928 3551 in
946 3497 1078 3554 Ecclesiis

284 3587 351 3656 bei,
364 3589 467 3644 dictum
486 3599 547 3645 est:

328 3681 445 3752 Spiritus
458 3681 564 3737 Domini
579 3683 685 3752 repleuit
707 3682 794 3736 oriem
811 3691 951 3736 terrarum.
965 3679 1021 3736 llos
1036 3688 1077 3735 est

291 3774 475 3832 Ecclesiarttm
500 3775 718 3832 urriiersttatenr.
735 3773 812 3842 Qttud
835 3774 934 3830 dicitnr
953 3773 1076 3843 replerit,

291 3869 462 3939 preteritum
489 3883 538 3937 pro
560 3868 653 3924 luturo
674 3868 792 3939 positum
815 3867 947 3937 intellige,
967 3875 1078 3938 propter

286 3959 487 4018 ,certitudinem
503 3959 685 4030 adirnplcndae
708 3959 908 4031 promissionis,
923 3957 995 4012 sieut
1013 3955 1077 4012 alihi

293 4053 395 4124 legitur
419 4050 537 4109 :Omnia
560 4067 727 4123 utracunque
753 4052 844 4107 audiri
868 4067 882 4105 a
903 4050 985 4104 Patro
1006 4061 1077 4112 meo,

293 4154 357 4202 uota
369 4145 421 4200 leci
431 4146 508 4202 rutis
517 4144 608 4212 (ionii.
617 4145 655 4216 v),
666 4154 692 4199 et
704 4145 730 4198 in
741 4143 832 4198 inultis
842 4141 902 4195 aliis
914 4139 980 4195 loeis
989 4135 1079 4194 simile

293 4239 446 4294 iuvenitur.
469 4237 586 4291 Aliunde
602 4236 666 4306 quia
682 4234 795 4304 spiritus
815 4233 849 4286 alr
872 4231 950 4286 initio
964 4244 1018 4284 nou
1033 4243 1079 4283 or·-

294 4328 356 4384 hcm
372 4337 519 4390 terrarum,
533 4326 581 4380 sed
604 4325 718 4395 angulos
731 4323 861 4394 quosdam
882 4320 963 4391 hujus
985 4318 1078 4374 mundi

295 4421 431 4491 implerit.
444 4418 562 4489 Angelos
578 4427 667 4474 autem
696 4425 832 4472 terrarum
856 4414 948 4470 mundi
963 4412 1079 4469 dixerim

295 4514 370 4568 uiros
384 4513 483 4581 justos,
499 4511 671 4582 patriarchas
684 4508 808 4565 videlicet
820 4516 847 4562 et
861 4507 938 4571 alios,
954 4506 1000 4576 qni
1019 4505 1080 4561 itte·

1124 2028 1212 2098 Caput
1239 2038 1330 2084 antem
1356 2045 1409 2084 non
1438 2037 1543 2084 tanturn
1575 2028 1682 2095 harbae,
1705 2027 1753 2083 seri
1786 2030 1908 2084 omniurn

1124 2118 1307 2174 membrorum
1327 2128 1388 2175 erat
1405 2136 1411 2172 :
1427 2120 1539 2188 ideoque
1554 2129 1719 2189 unguentum
1735 2127 1809 2173 recte
1823 2133 1839 2173 a
1863 2133 1910 2173 ca·

1123 2208 1180 2277 pite
1196 2209 1222 2263 in
1238 2208 1363 2273 barbam,
1380 2215 1407 2264 ει
1422 2224 1436 2261 a
1452 2209 1537 2267 barba
1553 2210 1579 2265 in
1603 2222 1701 2266 catera
1725 2209 1847 2266 memhra
1863 2209 1909 2264 ile·

1123 2299 1181 2355 buit
1195 2299 1313 2356 eldrrere.

1160 2392 1274 2462 Videtis,
1288 2403 1317 2448 ut
1327 2395 1432 2464 opinor,
1441 2392 1572 2463 qoontorlo
1581 2391 1696 2461 Spiritus
1711 2391 1815 2448 bomini
1825 2391 1910 2460 reple·

1123 2486 1163 2541 uit
1180 2486 1275 2540 orbem
1293 2494 1427 2540 terrarum
1452 2484 1615 2555 spiritalium
1637 2486 1833 2540 charismatum
1854 2484 1910 2553 ple-

1125 2577 1261 2643 nitudine,
1277 2578 1323 2646 gui
1335 2576 1394 2631 siro
1417 2576 1526 2631 dicatur
1539 2577 1651 2645 spiritns
1665 2576 1779 2639 llornirri,
1794 2576 1845 2629 hoc
1857 2583 1910 2636 est,

1125 2666 1173 2724 Dei
1188 2666 1289 2731 Patris,
1305 2667 1346 2722 rel
1362 2665 1479 2734 Domini,
1503 2667 1594 2734 idest,
1610 2667 1724 2732 Christi,
1737 2680 1790 2721 una
1803 2666 1910 2719 ueritas

1125 2758 1221 2815 esu-Si
1239 2758 1322 2814 rerba
1345 2759 1475 2830 praedicta
1494 2759 1727 2831 generalissimam
1752 2757 1911 2813 continuant

1126 2851 1345 2924 promissionem,
1361 2859 1424 2906 tuac
1447 2866 1497 2921 per
1510 2849 1603 2907 orbern
1629 2861 1761 2905 terrarum
1778 2849 1911 2904 universi-

1128 2951 1169 2999 tas
1183 2951 1373 2999 creaturarum
1386 2950 1430 2997 cst
1438 2941 1626 3013 intelligenda,
1642 2953 1671 2997 et
1688 2943 1728 2997 sie
1748 2941 1793 2995 illa
1806 2941 1912 2994 unirer·

1126 3032 1195 3088 sitas
1210 3032 1400 3103 distinguenda
1413 3040 1467 3099 est,
1479 3042 1510 3087 ut
1526 3032 1649 3087 dicamus
1670 3031 1756 3101 :quia
1777 3038 1819 3086 cst
1837 3039 1910 3084 terra

1128 3124 1271 3179 mrrrttlanae
1283 3123 1404 3189 fabricae,
1425 3134 1467 3180 est
1478 3134 1549 3179 terra
1561 3123 1706 3194 prarscntis
1719 3121 1857 3185 Ecclesiae,
1870 3129 1913 3177 est

1130 3227 1203 3273 terra
1224 3214 1344 3273 coelestis
1360 3216 1465 3287 patriae.
1481 3217 1519 3272 lle
1541 3216 1628 3285 prima
1655 3214 1757 3270 dicitur
1769 3232 1777 3269 ε
1791 3211 1820 3269 ln
1837 3219 1913 3286 pritt-

1128 3311 1201 3380 cipio
1220 3310 1325 3366 crearit
1342 3308 1413 3364 Deus
1427 3307 1526 3364 coelum
1549 3318 1575 3364 ct
1591 3319 1690 3362 terrain
1710 3316 1763 3363 cte.
1779 3307 1856 3378 (Gen.
1879 3312 1911 3380 ι).

1127 3398 1165 3452 lte
1177 3397 1295 3452 secunda
1310 3397 1410 3453 dicitur
1424 3412 1432 3450 a
1447 3396 1569 3452 visitasti
1580 3448 1583 3452 ,
1595 3407 1708 3464 terram,
1729 3405 1756 3453 et
1771 3397 1911 3454 inebriasti

1128 3503 1200 3555 eam,
1215 3488 1401 3558 multiplicasti
1414 3487 1581 3560 locupletare
1595 3503 1656 3545 cam
1668 3487 1758 3560 (Paul.
1772 3490 1856 3560 extr).
1878 3490 1913 3544 Et

1128 3580 1155 3636 ht
1168 3577 1219 3636 iob
1233 3596 1240 3635 ε
1255 3580 1306 3648 Qui
1321 3581 1447 3636 extendit
1471 3580 1623 3651 aqrrilonom
1643 3595 1725 3650 super
1743 3595 1858 3635 uacuum
1884 3589 1912 3634 et

1129 3672 1255 3743 appendit
1281 3680 1382 3727 terrain
1398 3686 1480 3740 super
1499 3671 1574 3727 nihili
1596 3671 1668 3743 (iai.
1688 3670 1775 3739 axin).
1797 3671 1912 3726 Terram

1129 3763 1260 3836 siquidem
1273 3777 1355 3833 super
1366 3762 1443 3817 nihili
1458 3763 1622 3831 appendere,
1644 3771 1686 3816 est
1705 3761 1855 3816 Ecclesiam
1866 3775 1913 3815 su·

1128 3871 1178 3926 per
1195 3865 1289 3926 gentes
1310 3854 1435 3920 dilatare,
1452 3867 1512 3923 gum
1537 3853 1651 3908 nihilum
1675 3853 1702 3906 in
1730 3853 1796 3906 isaia
1820 3851 1914 3920 appel·

1130 3947 1220 4004 lantur
1241 3948 1285 4002 uhi
1302 3945 1402 4002 dicitur
1418 3944 1539 4001 :Omnes
1561 3954 1657 4015 garritus
1679 3944 1756 4013 qnasi
1778 3957 1832 3998 non
1856 3944 1913 3998 sint

1130 4039 1169 4096 sic
1185 4048 1249 4095 suut
1266 4039 1293 4094 in
1318 4046 1466 4108 conspectu
1483 4035 1538 4097 bet,
1563 4045 1590 4088 ct
1608 4043 1735 4102 tanguam
1757 4035 1870 4088 nihilum
1885 4043 1913 4087 ει

1131 4131 1213 4185 inane
1236 4136 1368 4199 reputatae
1387 4135 1450 4182 sunt
1477 4124 1546 4196 (isa.
1570 4126 1624 4189 xc).
1643 4125 1680 4179 lic
1705 4134 1777 4178 terra
1792 4123 1913 4178 coelestis

1130 4220 1225 4292 patriae
1239 4220 1370 4290 scriptum
1391 4227 1433 4274 est
1451 4219 1477 4272 in
1490 4217 1594 4286 psalmo
1610 4235 1618 4271 a
1633 4216 1721 4272 Credo
1733 4216 1826 4271 ridere
1841 4215 1912 4269 bona

1132 4311 1238 4370 Duutini
1255 4311 1366 4365 interra
1381 4309 1529 4364 riucrrtium
1545 4305 1632 4379 (Psoi.
1645 4305 1730 4372 arur).
1741 4305 1770 4360 Si
1786 4305 1827 4359 ris
1841 4306 1914 4360 scire

1131 4407 1266 4478 quomodo
1278 4406 1335 4460 hacc
1348 4413 1483 4461 terrarum
1498 4401 1663 4459 universitas
1679 4401 1780 4470 repleta
1790 4401 1836 4465 sit,
1848 4413 1914 4453 con·

1131 4499 1221 4554 sidera
1243 4512 1324 4567 opera
1351 4497 1399 4552 liei
1420 4516 1427 4550 :
1448 4495 1512 4565 guia
1542 4504 1603 4550 suut
1627 4507 1709 4561 opera
1738 4491 1912 4554 conditionis,

296 4615 360 4659 runt
379 4603 407 4659 in
425 4604 548 4674 antiquis
567 4601 667 4658 seculis
685 4601 824 4668 paucitate
847 4598 915 4663 rari,
929 4607 957 4652 et
970 4597 1080 4654 obscuri
1095 4605 1215 4684 „opera
1243 4588 1467 4650 restaurationis,
1498 4601 1580 4654 opera
1608 4583 1798 4654 reparationis.
1826 4582 1914 4652 Opera

296 4714 353 4769 prm
369 4696 543 4752 multitudine
559 4695 692 4750 malorum
717 4687 1107 4763 interqrroseonrersabam·
1135 4681 1298 4740 contuitionis
1323 4689 1396 4746 sunt,
1424 4679 1522 4735 coelurn
1548 4687 1576 4734 et
1599 4687 1671 4732 terra
1695 4683 1722 4729 ct
1747 4688 1915 4742 prraecunqne

296 4879 397 4952 plrctali
408 4896 483 4944 roce,
494 4894 581 4950 neque
594 4877 787 4934 miraculorum
801 4874 885 4947 signis
902 4875 976 4930 iuras
989 4872 1081 4944 proili-

298 4975 363 5038 bat,
392 4972 491 5027 llrrihus
528 4969 667 5027 interioris
715 4967 889 5025 conscientiae
918 4974 1081 5030 contentus,

298 5065 372 5121 relnt
399 5065 515 5135 angulos
548 5061 679 5135 quosdam
705 5062 836 5132 replebat.
862 5059 988 5129 tintinnis
1015 5070 1082 5126 ergo

299 5159 469 5228 temporibus
487 5157 607 5228 Spiritus
627 5163 739 5210 sauctus
761 5168 859 5225 parcus
885 5149 1083 5224 quodammodo

299 5250 363 5319 luit,
379 5266 413 5308 nc
436 5252 525 5307 (licam
547 5265 657 5315 ararns,
680 5248 744 5320 qnia
769 5259 833 5302 tunc
850 5244 929 5302 nohis
947 5241 1084 5300 thesauri-

301 5346 374 5400 savit
401 5354 429 5400 et
454 5345 629 5414 congregarit
654 5342 771 5405 diritius,
794 5350 825 5395 ιιι
845 5349 965 5408 tempore
989 5333 1084 5406 gratim

301 5436 361 5494 illas
377 5447 536 5509 exponeret,
553 5447 580 5492 ct
601 5434 664 5490 ioris
678 5435 777 5489 iiirinae
798 5430 929 5489 honitatis
952 5445 1000 5500 per
1019 5445 1082 5499 gra·

301 5530 366 5584 tiam
378 5531 560 5586 abundantius
580 5537 721 5582 ernanaret
735 5543 743 5580 ι
759 5537 786 5581 ει
806 5525 899 5579 unctio
921 5522 1083 5590 spiritalium

301 5623 498 5677 citarismutum
509 5637 570 5677 ctttn
585 5621 659 5676 ortrni
681 5617 850 5689 plenitudiue
863 5617 891 5670 iu
909 5615 978 5668 lilios
993 5615 1086 5670 Eccle-

303 5716 350 5771 siae
365 5716 551 5772 descenderet.
565 5714 705 5782 Quorrrodo
725 5710 798 5767 enim
815 5724 869 5764 uon
889 5708 1084 5764 desccrtderctl

304 5809 333 5864 lu
346 5810 450 5866 uertice
465 5811 564 5866 montio
586 5807 703 5878 positum
729 5812 798 5871 erat,
813 5802 848 5858 ad
867 5801 944 5872 cujus
965 5799 1083 5855 radicem

306 5901 393 5970 campi
418 5909 444 5957 ct
459 5900 543 5957 ualles
564 5899 695 5968 undiquc,
710 5895 826 5954 accessit
846 5894 928 5965 ignis,
951 5903 978 5951 et
999 5893 1085 5964 liquo·

297 4804 351 4843 tur.
365 4789 393 4843 ln
408 4788 506 4859 quibus
518 4787 628 4858 spiritus
649 4785 698 4842 liei
710 4797 822 4839 nrauens
840 4784 901 4839 dum
915 4796 1002 4850 neque
1019 4796 1082 4852 pro·
1103 4773 1120 4854 ζ’
1133 4776 1308 4832 continentur
1319 4775 1347 4829 in
1363 4772 1434 4836 illis,
1450 4785 1532 4841 opera
1547 4767 1755 4824 restaurationis
1775 4774 1852 4829 sunt,
1866 4778 1915 4834 per

1132 4884 1192 4940 grta
1204 4870 1285 4923 homo
1297 4867 1324 4921 in
1339 4865 1513 4921 sanctitatem
1530 4863 1592 4917 ritae
1612 4860 1785 4922 relormatur,
1802 4859 1836 4911 acl
1854 4871 1916 4925 guae

1132 4960 1269 5030 pertinent
1280 4955 1382 5012 Christi
1399 4954 1564 5016 incarnatio,
1581 4951 1682 5022 passio,
1699 4948 1876 5014 resurrectio,
1888 4956 1916 5001 ει

1133 5050 1224 5105 ontrria
1238 5063 1321 5118 opera
1334 5047 1478 5110 interiora,
1490 5059 1550 5115 quae
1560 5043 1640 5098 electi
1655 5042 1757 5095 iaciunt
1769 5056 1784 5092 a
1795 5048 1916 5107 tempure

1134 5140 1329 5198 irrearttationis
1339 5138 1450 5203 Christi,
1466 5135 1598 5206 usquead
1620 5133 1702 5187 tinem
1718 5130 1803 5186 seculi
1814 5146 1821 5194 ;
1833 5142 1916 5198 opera

1135 5233 1319 5304 reparationis
1334 5238 1408 5296 sunt,
1422 5243 1483 5298 quar
1503 5237 1587 5282 totum
1601 5222 1875 5280 innotantlronrinem
1888 5219 1915 5273 iu

1134 5325 1224 5381 lutura
1232 5327 1297 5390 rita,
1307 5324 1406 5392 adquae
1418 5320 1555 5390 pertinent
1565 5316 1727 5389 glorillcatio
1735 5314 1865 5383 corporis,
1873 5311 1910 5378 lo

1135 5422 1258 5477 conditas
1266 5417 1374 5483 mentis,
1382 5424 1409 5470 et
1417 5412 1711 5485 lelicitasgaudiorurn,
1723 5427 1782 5480 quae
1791 5426 1840 5465 nee
1849 5423 1912 5464 ocu·

1136 5514 1178 5568 Ιιιε
1187 5513 1263 5577 uidit,
1276 5508 1525 5573 nccanrisaulirit,
1537 5522 1587 5561 ιιεε
1602 5507 1629 5560 in
1638 5521 1686 5560 cor
1695 5505 1916 5558 hominisasccn·

1135 5608 1185 5663 tlit.
1200 5607 1272 5662 luter
1287 5620 1369 5674 opera
1386 5603 1629 5658 restauratiorrisct
1639 5612 1721 5668 opera
1737 5593 1916 5666 reparationis

1135 5699 1323 5756 hacdistantia
1336 5694 1456 5766 csi,quia
1465 5696 1522 5750 ιιεε
1531 5693 1632 5749 iaciunt
1642 5700 1737 5758 utquae
1746 5686 1849 5757 perdita
1861 5682 1910 5737 luo

1136 5810 1198 5850 rant
1221 5792 1325 5864 perdita
1339 5807 1392 5847 noa
1410 5791 1476 5854 sint,
1500 5787 1545 5842 illa
1560 5796 1588 5841 ut
1600 5801 1659 5856 quac
1672 5789 1824 5837 restaurata
1843 5784 1915 5840 sunt,

1136 5887 1213 5946 beata
1225 5889 1288 5946 sint.
1299 5885 1416 5957 Spiritus
1426 5879 1600 5954 crgollomiui
1608 5877 1718 5949 replerit
1730 5885 1830 5931 terram
1838 5882 1917 5924 muu-

1942 329 1952 360 -ι

1935 365 1952 414 ἴ
