4425 6450
279 381 316 441 58
725 370 918 429 sosthon‘ts
937 357 1083 425 sobstis
1101 368 1473 455 scuthcutnsottcertsts
1520 399 1522 403 ν
1876 371 1913 427 δῦ

282 497 396 562 cordis,
413 495 534 551 exterior
552 508 599 564 per
617 488 825 559 castigationem
840 487 974 556 corpmris.
987 485 1071 541 Simi-
1086 491 1110 548 Α
1125 485 1332 539 tuansnctudiuc
1351 484 1507 553 levigatum.
1524 482 1601 537 Fecit
1615 482 1705 548 enirn,
1726 485 1825 556 iuquit,
1840 488 1912 542 esua

281 589 346 645 litet
365 598 394 644 ct
412 588 438 641 iu
460 588 521 657 igue
546 585 599 637 duo
615 581 803 646 inueniuntur,
819 578 922 634 seilicet
943 578 1071 649 splendor

281 688 307 733 et
328 678 413 733 calor.
429 676 456 731 ln
471 675 616 745 splendore
640 680 731 742 potest
758 670 872 739 intelligi
892 670 1071 724 tttartsuetudo

259 768 506 831 ,conversationis
522 767 555 821 dc
578 781 630 833 qna
658 765 758 819 dieitur
773 780 780 817 ι
796 762 897 818 Luceat
917 760 961 815 htx
981 771 1071 817 restra

282 875 375 914 eoram
393 858 552 914 bominibus
571 854 680 916 fllettlt.
695 854 736 925 s).
755 852 783 906 ln
799 852 890 908 calore
910 867 973 907 roro
992 851 1073 905 ardor

284 963 409 1017 sttpcrnac
424 946 589 1001 dilectionis.
604 944 656 1012 Qut
678 958 743 1014 ergo
760 943 816 996 uolt
837 943 956 1011 seipsum
974 939 1073 996 oilcrre

281 1037 350 1107 oet»,
374 1037 540 1093 sacrificinm
567 1049 659 1091 secum
691 1025 772 1100 ferat,
804 1033 909 1088 scilicet
933 1032 1023 1104 ignem
1046 1040 1074 1085 et

282 1127 414 1199 gladium,
432 1138 461 1182 ut
476 1142 525 1197 per
547 1126 667 1197 gladium
684 1126 804 1195 seipsum
825 1106 1014 1191 corripiatset
1027 1136 1075 1191 per

283 1220 376 1291 iguem
393 1234 486 1288 pacem
503 1217 619 1287 proximi
635 1216 771 1271 custodiat
788 1222 816 1269 ct
836 1214 949 1268 tuttriat.

321 1307 368 1364 lsti
392 1318 456 1364 sunt
481 1309 608 1363 custodes
635 1323 718 1377 super
742 1304 895 1360 Jerusalem
920 1304 1074 1367 constituti,

284 1400 331 1469 qni
348 1409 404 1455 tota
420 1401 463 1455 die
486 1415 518 1454 ac
535 1407 615 1453 nocte
632 1413 685 1451 nou
706 1404 817 1452 cessant
842 1395 954 1449 laudare
975 1408 1074 1449 nomen

284 1490 405 1546 Domini.
421 1488 491 1543 lluic
506 1488 641 1557 siquidem
664 1494 764 1540 nostrae
779 1484 883 1538 ciuitati
900 1492 1019 1553 qtratoor
1032 1482 1076 1536 isti

285 1583 415 1637 custodes
430 1591 495 1635 sunt
514 1578 647 1648 deputati,
664 1571 769 1632 s'cilicct
786 1575 863 1631 dolor
879 1576 906 1631 iu
930 1575 1023 1639 corde,
1037 1573 1077 1627 la·

285 1674 337 1729 hor
353 1675 378 1727 iu
395 1687 522 1742 corpore,
534 1669 721 1726 mansuetudo
731 1669 757 1722 io
770 1664 987 1730 concersmioue,
1000 1678 1078 1718 amor

285 1768 315 1823 in
342 1780 523 1835 supernorum
552 1762 708 1817 dilectione.
738 1759 862 1814 Custodit
893 1756 976 1827 igitur
999 1755 1078 1811 dolor

1122 575 1175 629 duo
1187 576 1220 630 dc
1234 576 1314 644 lignis
1328 574 1451 644 abiegnis
1467 593 1473 628 z
1488 584 1514 629 et
1529 585 1676 644 utrumque
1688 576 1786 645 duplex
1800 588 1871 645 erat,
1884 588 1915 636 et

1122 680 1152 721 se
1166 666 1282 722 invicem
1294 676 1390 724 tenens
1399 668 1572 739 aperiebatur
1582 668 1683 740 (ibid).
1695 672 1790 737 thies,
1803 682 1833 728 ιιι
1845 673 1914 729 thel-

1124 766 1177 821 tur,
1191 757 1273 813 arbor
1284 769 1326 815 est
1338 761 1364 814 io
1375 761 1520 831 superficie
1531 760 1655 851 pulchra,
1669 765 1835 833 proceritate
1846 766 1913 831 alta,

1124 850 1209 906 ramis
1228 850 1347 906 dilatatis
1372 853 1586 923 circumquaque
1609 852 1717 912 diffusa.
1742 855 1805 911 llaec
1829 858 1915 925 igitur

1124 944 1197 1000 ostia
1209 944 1308 1000 debent
1321 960 1383 1001 esse
1396 946 1429 1002 de
1441 945 1521 1018 liguis
1534 947 1669 1031 abiegnis,
1679 948 1790 1014 bocest,
1801 935 1915 1020 pulc-bra

1125 1035 1152 1089 io
1168 1037 1280 1106 spiritus
1299 1037 1449 1103 hilaritate,
1468 1038 1522 1091 alta
1538 1038 1758 1108 longanimitate,
1778 1039 1834 1095 lata
1856 1041 1915 1111 pie·

1126 1133 1191 1195 tate,
1208 1127 1267 1184 sire
1282 1128 1400 1199 proximi
1422 1129 1626 1198 compassione.
1649 1128 1702 1184 Sed
1717 1128 1849 1201 iariulege
1863 1131 1918 1200 lio·¹

1126 1218 1193 1274 ruini
1207 1220 1235 1273 ia
1250 1231 1345 1275 sancta
1367 1220 1538 1290 professione
1552 1231 1676 1289 accepta,
1691 1221 1789 1277 tertius
1805 1222 1851 1277 lici
1869 1223 1917 1278 de·
1937 1228 1943 1235 '

1126 1325 1241 1367 scensas
1254 1310 1288 1366 ad
1310 1310 1461 1376 bominem,
1476 1326 1562 1381 quem
1573 1312 1769 1370 consolationis
1784 1314 1915 1381 diximus,

1127 1413 1170 1457 est
1185 1403 1374 1469 necessarios,
1389 1403 1466 1473 cujus
1489 1420 1522 1461 eo
1546 1406 1633 1476 magis
1654 1421 1765 1478 egemus
1780 1407 1915 1475 praesidio,

1130 1504 1232 1565 quanto
1248 1493 1344 1550 fortior
1357 1509 1399 1551 cst
1411 1512 1501 1567 pogna
1518 1513 1580 1552 com
1593 1499 1746 1557 adersario.
1763 1500 1831 1555 Corn
1842 1500 1916 1555 enim

1129 1601 1216 1640 norns
1230 1584 1334 1642 Christi
1351 1588 1429 1643 miles
1439 1604 1566 1643 securum
1581 1605 1641 1645 esse
1656 1606 1686 1646 se
1706 1591 1802 1658 eredit,
1816 1602 1843 1646 et
1858 1589 1917 1661 jam

1130 1676 1158 1732 in
1181 1678 1312 1747 propositi
1337 1679 1378 1733 stri
1399 1679 1440 1733 ria
1465 1678 1580 1734 uiriliter
1598 1681 1717 1745 incedit,
1735 1697 1850 1737 cccccx
1870 1682 1919 1737 ad·

1129 1781 1210 1824 uerso
1235 1769 1353 1839 impetus
1368 1769 1478 1825 fortium
1503 1770 1647 1839 insurgunt
1666 1773 1693 1827 iu
1718 1774 1832 1828 circuitu
1847 1774 1917 1845 eius,

286 1858 414 1924 fldelllefs
431 1856 508 1913 ¹³¹10f
523 1854 651 1922 viriliter,
670 1849 851 1907 ffli¹¹⁵¹¹0¹l¹d⁰
866 1847 996 1913 williel·
1012 1848 1079 1901 ⁰¹¹³·
1094 1823 1119 1885 B
1132 1859 1250 1929 undique
1273 1860 1390 1930 fugiendi
1407 1863 1476 1916 uiam
1489 1863 1636 1919 obstruant
1650 1877 1677 1921 et
1695 1886 1718 1919 a.
1729 1869 1853 1923 utissirna
1866 1869 1918 1923 tcla

287 1952 355 2007 ritas
367 1950 545 2006 confidenter.

326 2043 353 2097 Ιιι
371 2042 421 2099 hac
441 2052 534 2096 nostra
547 2038 700 2094 lerusalem
719 2036 780 2092 duae
798 2043 862 2091 sont
882 2042 974 2088 torres
989 2031 1079 2087 muni·

287 2134 402 2192 tissimac
418 2134 532 2205 quadris
545 2130 681 2202 lapidibus
695 2129 729 2184 ab
749 2129 812 2183 imis
825 2136 853 2182 ct
871 2126 1000 2195 deinceps
1011 2122 1079 2177 ardi-

288 2230 388 2292 licata,
406 2238 523 2295 quarum
545 2237 598 2276 una
615 2221 716 2277 dicitur
733 2218 817 2274 torris
837 2215 1015 2279 fortitudinis,
1034 2228 1080 2269 re·

290 2321 362 2388 liqna
375 2332 440 2371 vero
452 2316 549 2370 domus
562 2314 648 2383 pacis.
662 2312 753 2367 Prima
768 2318 810 2365 est
823 2309 942 2374 curiosa,
958 2306 1079 2362 secunda

289 2409 416 2479 pacifica.
431 2405 551 2460 Primam
577 2413 650 2460 tenet
673 2401 791 2467 Martha,
816 2400 964 2456 secundam
985 2396 1080 2455 llaria.

290 2502 368 2559 llude
379 2501 527 2555 Dominus:
544 2496 661 2565 blartba,
674 2494 792 2559 llartlta,
805 2490 919 2549 sollicita
932 2506 972 2557 es,
985 2498 1012 2545 et
1025 2500 1081 2544 tur·

289 2592 365 2648 baris
380 2606 443 2661 erga
457 2590 573 2662 plurima
591 2586 712 2662 (Lac.t):
724 2585 849 2642 Sollicita
860 2600 890 2639 cs
903 2582 1008 2647 labore,
1025 2590 1082 2634 tur·

289 2685 364 2739 baris
381 2684 484 2747 dolore,
500 2684 522 2738 si
543 2697 608 2753 ergo
624 2680 749 2737 custodia
765 2678 846 2748 httjos
857 2675 941 2731 turris
953 2685 997 2730 cst
1010 2673 1081 2728 llar-

291 2776 354 2841 tbae,
364 2774 549 2846 proculdubio
559 2772 712 2828 custoditur
726 2768 819 2825 dolore
829 2765 975 2821 etlabore:
990 2763 1082 2820 dolore

289 2884 339 2939 per
353 2868 548 2923 contritionem
574 2866 677 2930 cordis,
702 2861 795 2916 labore
816 2874 864 2928 per
880 2858 1080 2913 exhibitionem

290 2962 353 3016 boni
370 2959 473 3029 operis.
487 2957 541 3012 Sed
554 2956 644 3010 blariae
659 2969 712 3008 non
726 2960 766 3007 est
784 2961 856 3006 curae
868 2950 940 3020 quod
953 2948 1082 3018 relinquit

292 3066 414 3107 sororem
438 3064 516 3105 suam
541 3048 628 3103 solam
653 3046 821 3101 ministrare.
835 3042 907 3097 Aodi
925 3041 990 3112 qaid
1010 3039 1083 3095 dicat

1127 1950 1243 2022 jaciunt,
1256 1968 1315 2022 quae
1329 1970 1382 2008 noo
1399 1956 1486 2010 solum
1500 1973 1610 2027 corpus,
1629 1975 1722 2014 rerum
1746 1962 1829 2015 etiam
1854 1962 1916 2016 ani-

1132 2058 1203 2098 mam
1219 2043 1347 2099 afficiunt.
1364 2045 1466 2115 ingerit
1481 2063 1510 2102 sc
1535 2048 1579 2103 illa
1596 2050 1708 2106 nimium
1722 2052 1919 2121 amabilisspcs

1131 2133 1189 2189 sire
1200 2135 1276 2204 copia
1287 2136 1452 2203 diuitiarum,
1464 2139 1584 2194 occurrit
1595 2141 1691 2196 erebra
1703 2150 1732 2196 ιι
1744 2144 1920 2199 vehementer

1133 2228 1286 2296 importuna
1307 2233 1437 2286 memoria
1463 2231 1625 2302 litterarum,
1652 2235 1790 2292 seculares
1812 2237 1865 2293 illoe
1891 2249 1920 2292 ct

1129 2320 1259 2391 jocundae
1282 2323 1476 2390 recreationes,
1504 2324 1551 2379 sed
1580 2335 1609 2380 et
1636 2327 1761 2383 carnales
1789 2327 1919 2383 infestant

1135 2412 1306 2468 tentationes.
1325 2412 1355 2467 lo
1379 2414 1431 2470 boc
1456 2418 1627 2487 tempestatis
1648 2418 1768 2488 periculo
1789 2419 1863 2474 uenit
1884 2420 1919 2476 ad

1133 2515 1182 2555 nos
1197 2500 1245 2555 lici
1258 2502 1389 2571 sapientia
1411 2504 1591 2560 confortando
1611 2521 1660 2576 per
1680 2508 1795 2577 gratiam
1818 2525 1918 2565 conso·

1133 2589 1253 2656 lationis,
1268 2600 1296 2647 et
1311 2592 1490 2651 illuminando
1511 2611 1560 2665 per
1575 2598 1760 2667 cognitionem
1784 2602 1918 2658 ueritatis.

1133 2680 1162 2736 lu
1179 2682 1229 2738 hoc
1243 2686 1414 2754 tetupestatis
1430 2688 1544 2745 articulo
1557 2690 1694 2746 confortat
1709 2692 1920 2762 pusillanimem,

1133 2773 1292 2830 consolatur
1303 2776 1503 2848 desperantem,
1518 2781 1689 2838 fatiscentem
1707 2795 1824 2852 recreat,
1837 2786 1922 2856 proli·

1135 2864 1219 2920 cienti
1231 2882 1309 2935 opem
1325 2869 1385 2924 fidei
1400 2870 1548 2940 ministrat,
1562 2873 1632 2929 sicot
1647 2874 1679 2929 de
1691 2890 1724 2932 eo
1737 2878 1920 2947 couscriptum

1134 2967 1177 3012 est
1198 2974 1206 3012 ι
1228 2958 1297 3025 Quia
1317 2960 1450 3016 calamum
1475 2974 1633 3032 quassatum
1659 2981 1711 3021 nou
1736 2975 1878 3033 conteret,
1894 2977 1922 3023 et

1134 3049 1218 3104 licum
1235 3050 1368 3123 fumigans
1382 3070 1435 3109 non
1448 3057 1587 3127 extinguet
1598 3057 1665 3127 (lm.
1684 3058 1760 3124 stu).
1773 3059 1842 3113 Aetli
1857 3073 1923 3127 ergo

293 3144 461 3213 Scriptura:
481 3139 584 3207 Milli·
607 3139 710 3210 iuquit,
733 3136 806 3193 (l0ffll
830 3134 954 3199 sedehat,
971 3132 1118 3222 Bedfbalc
1137 3148 1164 3194 ιιι
1187 3140 1249 3209 quia
1271 3140 1327 3209 J'am
1349 3152 1506 3215 segregatus
1526 3160 1586 3199 esa
1611 3148 1728 3213 soeculo,
1748 3148 1792 3217 qni
1823 3149 1922 3203 norlsti

291 3236 396 3307 quieta,
413 3235 526 3291 sedebat
544 3246 640 3288 secura
657 3246 664 3286 ι
682 3232 773 3303 quieta
793 3244 843 3300 per
858 3228 986 3282 virtutem
1004 3239 1083 3279 toan·

292 3327 457 3392 suetudinis,
476 3339 573 3380 secura
589 3337 637 3394 per
651 3325 782 3378 uirtutem
807 3318 963 3375 eharitatis.
978 3315 1082 3372 Secura

293 3420 552 3493 quidcm,qnoniam
565 3417 811 3490 perfectacbmitas
824 3415 898 3471 foras
910 3413 994 3469 utittit
1003 3413 1084 3467 timo·

294 3529 351 3570 rem
368 3512 391 3586 tl
404 3513 485 3568 lectt.
505 3514 552 3584 ιιι).
573 3511 637 3567 lime
659 3523 722 3566 sunt
736 3509 781 3565 illa
796 3520 913 3578 quatuor
926 3503 1034 3568 ostiola,
1049 3500 1083 3556 de

294 3605 393 3676 quibos
407 3605 434 3659 in
455 3605 580 3675 ingresso
604 3602 696 3673 templi
716 3601 813 3671 positis
835 3598 937 3668 llegum
964 3596 1084 3667 loquitur

294 3697 490 3768 heredeque
501 3696 553 3752 boe
567 3695 647 3750 modo
658 3703 735 3750 erant
746 3691 876 3763 disposita
888 3687 947 3759 (tit
955 3688 1020 3757 fleg.
1034 3688 1082 3755 rt).

295 3790 331 3846 Ut
345 3806 428 3844 orrum
442 3787 539 3858 duplex·
552 3786 652 3843 ostium
664 3785 863 3841 constituerent
876 3780 929 3835 duo
939 3788 968 3836 et
981 3778 1034 3833 duo
1049 3775 1082 3830 ad

295 3883 456 3938 seinvicem
475 3881 639 3951 conjuncta,
653 3888 683 3932 ut
699 3879 722 3932 si
744 3876 814 3931 ferte
829 3874 950 3944 placeret
967 3885 999 3926 ea
1020 3884 1085 3938 ape·

296 3973 346 4029 riri
362 3971 479 4043 quodam
494 3973 576 4026 inodo
588 3985 650 4026 sese
663 3969 792 4033 celantia,
810 3965 927 4020 alterum
944 3971 1005 4034 post
1020 3961 1084 4015 alte

296 4080 358 4119 rom
374 4072 468 4134 posset
481 4062 628 4133 duplicari.
648 4059 736 4115 linum
757 4058 840 4127 igitur
862 4053 961 4125 duplex
973 4053 1083 4116 ostium,

297 4152 377 4208 dolor
388 4161 415 4206 et
428 4150 505 4206 labor
525 4150 708 4214 constituunt,
723 4147 769 4216 qni
792 4146 860 4200 adeo
879 4143 994 4199 connexi
1010 4153 1084 4208 sum,

297 4243 367 4312 quod
379 4242 420 4297 rel
437 4256 500 4297 raro
511 4240 554 4296 rel
570 4253 707 4309 nonquam
721 4252 780 4293 sese
793 4236 993 4304 derelinquent.
1010 4233 1085 4288 heti-

297 4349 381 4403 nunm
395 4347 460 4388 uero
483 4331 581 4400 duplex
604 4331 705 4385 ostium
720 4343 753 4384 ex
769 4327 903 4382 charitate
917 4337 944 4380 et
959 4338 1086 4378 mansne·

299 4424 391 4479 tudine
406 4423 587 4488 construitur,
602 4435 663 4492 quae
680 4420 762 4475 etiarn
781 4420 851 4473 adeo
870 4430 993 4472 connexa
1011 4423 1085 4481 suot,

1138 3243 1230 3287 uotum
1258 3235 1312 3288 [leo
1335 3233 1430 3299 Jacob,
1447 3237 1492 3304 qni
1509 3236 1705 3292 tentationibus
1731 3239 1756 3292 in
1784 3238 1922 3294 diversum

1139 3323 1266 3387 treberis,
1285 3337 1365 3392 quem
1377 3325 1494 3380 deiectat
1507 3325 1570 3380 ritae
1580 3328 1734 3397 praeterite,
1747 3335 1776 3383 ut
1790 3328 1923 3393 estimas,

1140 3411 1267 3478 felicitas,
1280 3428 1361 3482 cpocm
1377 3422 1461 3470 terret
1484 3426 1587 3471 sanctae
1611 3417 1752 3488 religionis
1774 3421 1921 3488 asperitas,

1135 3505 1211 3569 andi,
1226 3504 1355 3575 inquam,
1371 3506 1436 3576 qnid
1459 3506 1589 3576 loquatur
1601 3507 1628 3562 ln
1643 3517 1669 3563 te
1682 3509 1812 3565 Dominus
1830 3509 1921 3566 oeus:

1136 3597 1210 3665 grtia,
1236 3606 1265 3650 ot
1285 3598 1408 3661 aestimo,
1425 3598 1549 3668 loquetur
1568 3615 1663 3671 pacem
1678 3602 1705 3656 in
1725 3602 1829 3672 plebem
1845 3619 1923 3659 suant

1136 3686 1224 3754 (terat.
1236 3691 1360 3753 cxxxiv).
1377 3688 1497 3743 Primum
1519 3689 1579 3745 volo
1599 3703 1626 3745 te
1640 3701 1800 3762 argentum,
1814 3708 1923 3760 aurum,

1135 3789 1263 3835 ornatum
1279 3779 1413 3845 restium,
1430 3789 1457 3834 et
1473 3791 1570 3836 cetera
1591 3783 1690 3851 quibus
1706 3782 1857 3839 delectatur
1874 3785 1924 3838 hu·

1137 3886 1216 3926 utana
1234 3871 1389 3935 curiositas,
1404 3883 1469 3926 ante
1482 3873 1579 3928 faeiem
1595 3885 1667 3928 tuam
1678 3889 1789 3945 ponere,
1803 3886 1831 3931 et
1843 3877 1923 3932 oculo

1137 3964 1311 4019 intellectuali
1345 3979 1398 4018 oon
1428 3965 1531 4019 carnali
1561 3965 1706 4035 diligenter
1735 3968 1920 4023 etaruioare:

1138 4055 1210 4120 qrtod
1231 4054 1253 4107 si
1270 4052 1368 4107 feceris
1388 4067 1443 4107 non
1459 4053 1671 4119 consolationes,
1688 4056 1742 4109 imo
1759 4057 1850 4125 potius
1866 4073 1925 4111 tna·

1138 4144 1226 4198 ximas
1246 4142 1429 4198 desolationes
1444 4143 1568 4199 inuenire
1585 4147 1696 4214 poteris.
1719 4146 1785 4211 Quae
1805 4147 1923 4202 enimin

1136 4248 1169 4288 eo
1184 4233 1298 4290 felicitas
1310 4248 1371 4289 esse
1382 4243 1481 4303 potest,
1494 4236 1564 4305 quod
1580 4252 1641 4290 com
1656 4235 1747 4292 labore
1762 4238 1923 4307 acquiritur,

1137 4343 1199 4382 coru
1213 4327 1310 4381 timore
1323 4327 1487 4397 possidetur,
1504 4328 1671 4384 cumdolore
1684 4330 1835 4384 amittitur?
1847 4329 1926 4385 lludc

1138 4418 1246 4488 quidam
1272 4417 1389 4472 irridens
1419 4417 1499 4472 talem
1525 4417 1685 4474 felicitatem
1711 4420 1813 4474 ironice
1835 4420 1927 4474 estla-

298 4527 328 4571 ut
342 4531 375 4570 ex
391 4515 526 4571 charitate
539 4514 720 4569 mansuetudo
735 4521 893 4584 generetur.
912 4509 980 4565 llhtd
994 4518 1085 4563 autem
1103 4499 1224 4564 Dmavh
1235 4509 1328 4565 dicens
1344 4524 1351 4563 τ
1366 4507 1540 4578 Oprrcelaras
1553 4525 1632 4580 opum
1647 4510 1768 4575 diritias,
1780 4526 1849 4581 quas
1864 4526 1926 4565 cum

298 4607 397 4678 duplex
422 4607 536 4672 ostimu,
550 4607 623 4676 quod
646 4614 688 4660 est
709 4619 743 4659 ex
759 4603 852 4658 labore
876 4612 903 4656 et
918 4599 1023 4665 dolore,
1038 4613 1087 4669 per

298 4700 437 4755 uinculum
454 4699 624 4755 fortitudinis
648 4696 844 4766 conjungitur:
862 4694 925 4765 quia
948 4691 999 4747 nisi
1016 4690 1089 4746 adsit

299 4793 431 4846 fortitudo
446 4793 539 4854 anirni,
557 4792 635 4846 labor
647 4792 814 4862 quarumque
830 4787 863 4842 ah
884 4785 1008 4843 interiori
1022 4798 1088 4840 con·

301 4884 414 4939 tritiooe
425 4893 579 4954 separator.
596 4883 739 4953 ltcliqnum
751 4896 816 4937 vero
826 4880 898 4952 qaod
910 4888 952 4935 cst
964 4893 997 4934 ex
1012 4892 1089 4932 man·

301 4976 445 5032 suetudine
475 4989 504 5030 et
526 4974 680 5041 charitate,
702 4973 840 5028 vinculum
862 4970 1000 5041 patientie
1023 4983 1089 5023 con-

301 5069 389 5125 nectit
407 5086 414 5123 ε
430 5069 493 5138 quia
518 5068 541 5122 si
567 5081 621 5122 nou
645 5068 717 5122 adsit
740 5066 890 5137 patientia,
910 5060 1089 5118 utansuctudo

301 5161 466 5232 quandoque
485 5177 500 5214 a
523 5160 661 5229 charitate
682 5157 796 5212 recedit.
823 5155 975 5210 Volvuntur
999 5160 1088 5206 autem

302 5256 354 5312 ista
372 5255 442 5311 ostia
462 5254 489 5309 in
504 5251 618 5306 cardine
635 5248 815 5312 humilitatis,
830 5246 991 5302 clauduntur
1013 5256 1090 5311 repa-

302 5346 366 5417 gulo
391 5345 584 5411 discretionis,
601 5352 630 5398 ut
651 5356 700 5413 per
724 5341 904 5396 humditatem
929 5336 1090 5406 jactantiam

303 5447 430 5503 careant,
447 5447 475 5494 et
490 5452 539 5509 per
557 5434 750 5493 discretionem
774 5429 1015 5501 intemperantiam
1033 5428 1091 5483 sire

303 5526 448 5581 stultitiam
472 5543 526 5581 non
552 5524 709 5581 admittant.
729 5523 776 5579 Est
792 5521 876 5593 igitur
899 5520 999 5576 ostium
1018 5518 1091 5575 istud

304 5617 461 5672 bumilitate
480 5617 617 5683 solubile,
646 5603 806 5670 fortitudine
830 5611 972 5678 durabile,
989 5611 1092 5666 discre-

304 5709 378 5763 tione
392 5709 581 5772 mcnsurabilc,
598 5708 731 5780 patientia
753 5703 900 5769 laudabile,
926 5702 1018 5757 dolore
1038 5701 1092 5756 cir-

305 5813 501 5874 cumspectam,
514 5800 606 5858 labore
619 5801 745 5868 solidum,
760 5797 895 5857 charitate
909 5793 1090 5866 splendidum,

1139 4601 1252 4669 adeptus
1266 4598 1362 4666 lucris,
1377 4615 1490 4655 securus
1502 4616 1561 4656 esse
1577 4601 1694 4656 desistis.
1708 4600 1842 4656 llerttento
1856 4602 1929 4657 illios

1140 4691 1233 4747 diuitis
1248 4692 1293 4761 qui
1306 4691 1331 4745 iu
1347 4691 1493 4761 Evangelio
1509 4691 1676 4761 amplificare
1690 4692 1785 4748 horrea
1798 4708 1847 4748 soa
1859 4708 1928 4763 prae·

1139 4783 1263 4851 parabat,
1277 4782 1319 4837 coi
1339 4782 1519 4838 dictumest:
1541 4782 1640 4846 Stulte,
1658 4783 1686 4836 in
1705 4783 1756 4838 hac
1771 4794 1850 4837 nocte
1870 4783 1929 4837 ani·

1140 4888 1211 4927 mam
1239 4882 1313 4928 tuam
1330 4874 1423 4928 tollent
1442 4892 1456 4927 a
1475 4882 1519 4936 te,
1540 4884 1569 4927 et
1596 4875 1652 4928 hacc
1668 4889 1728 4942 qne
1754 4876 1926 4946 congregasti

1140 4965 1217 5034 crrjus
1232 4965 1332 5018 erunt?
1346 4964 1422 5035 (Luc.
1440 4972 1502 5034 ιιι.)
1517 4965 1550 5018 Et
1571 4966 1608 5019 ita
1625 4965 1790 5021 factumest.
1808 4967 1841 5020 Et
1863 4980 1928 5035 pro·

1140 5055 1221 5124 plteta
1239 5053 1323 5107 llarid
1338 5054 1372 5108 de
1392 5054 1435 5108 bis
1459 5056 1504 5122 qni
1521 5052 1635 5122 gloriam
1651 5051 1730 5121 hujus
1753 5053 1845 5108 ntondi
1862 5054 1931 5108 dile·

1141 5154 1252 5209 xerunt,
1267 5146 1305 5199 ait
1321 5161 1328 5196 ι
1345 5144 1379 5200 Ει
1394 5144 1609 5200 dominabuntur
1627 5159 1722 5200 eorum
1735 5143 1803 5213 justi
1826 5145 1853 5199 in
1873 5160 1930 5199 ma·

1142 5239 1240 5302 totino,
1254 5247 1282 5292 et
1297 5238 1429 5292 auxilium
1446 5251 1540 5294 eorum
1560 5247 1713 5293 veterascet
1740 5238 1767 5292 in
1792 5237 1929 5293 infernos

1142 5329 1228 5400 gloria
1243 5343 1338 5382 eorum
1352 5325 1440 5397 (Ptol.
1462 5326 1571 5398 xtutn).
1595 5324 1750 5381 Secundum
1774 5339 1930 5380 mensurant

1142 5420 1215 5475 eoiru
1226 5417 1331 5490 gloriar,
1345 5419 1391 5487 qui
1412 5418 1453 5472 osi
1469 5427 1532 5473 suot
1546 5416 1630 5487 gloria
1648 5416 1729 5486 hujus
1741 5416 1845 5476 mundi.
1855 5416 1931 5486 josze

1142 5509 1189 5565 lie-i
1200 5509 1305 5578 judicio
1320 5525 1381 5565 cunr
1400 5508 1516 5564 mortuis
1530 5508 1662 5578 deputati,
1678 5509 1827 5578 suscipient
1846 5510 1873 5561 ht
1890 5506 1932 5560 iu·

1142 5602 1221 5658 feroc
1236 5601 1376 5672 angustias
1390 5601 1529 5657 tormenti.
1550 5599 1628 5655 Utrde
1641 5609 1669 5655 et
1683 5601 1738 5656 duo
1755 5596 1932 5669 pbilosopho-

1143 5708 1204 5749 rum
1220 5693 1391 5766 peritissimi,
1406 5707 1469 5749 com
1490 5691 1571 5762 bojas
1584 5691 1680 5746 mundi
1697 5689 1812 5761 gloriam
1826 5697 1853 5743 et
1868 5702 1932 5743 san·

1145 5800 1216 5851 ctam
1232 5790 1478 5858 conversationem,
1494 5787 1650 5861 qaeestio
1668 5783 1779 5842 Christo
1791 5782 1855 5840 lesa
1871 5781 1931 5837 vel·
