4425 6450
340 391 392 446 att
902 374 1026 431 -nblllt
1046 371 1192 430 auhalls
1211 369 1395 430 eehsaulffi
1932 372 1989 431 uls

340 507 442 564 oiierre
463 499 640 564 carnalibns,
657 508 708 551 nec
722 490 821 549 nrelins
837 489 926 561 potuit
938 490 965 545 in
978 487 1138 545 hominihus
1152 496 1173 553 ,a
1188 485 1339 555 jactandam
1350 485 1476 556 ,pietate
1487 483 1645 551 amabilem,
1661 485 1765 543 amht'n
1774 485 1890 557 institia
1904 490 1988 545 dcco·

342 613 420 653 arnor
433 610 522 651 rernm
539 587 692 647 carnalium
705 583 803 647 emori,
817 596 899 653 qrram
914 581 936 636 si
952 596 1000 636 cos
1010 579 1044 634 de
1054 580 1139 634 ccele-
1189 589 1290 646 ratam,
1305 581 1397 635 Verbo
1413 578 1460 635 bei
1473 579 1591 649 quodam
1603 586 1746 634 contractu
1761 580 1824 637 lirici
1836 582 1989 652 desponsa·

342 688 432 745 stihns
458 687 608 740 instrueret
625 677 708 734 Verbi
731 676 879 747 praesentia
906 671 1055 729 incarnati.
1077 670 1138 727 iarn
1189 672 1264 725 tarnr'l
1278 671 1301 726 0
1316 686 1379 725 cnm
1396 670 1430 726 ad
1451 669 1478 725 id
1501 670 1552 725 loci
1573 671 1731 741 pervenerit
1746 670 1856 737 anima,
1872 687 1937 727 eum
1959 673 1989 727 in

343 780 408 849 qrritl
425 778 458 832 de
475 774 545 829 tanti
560 770 662 843 negotii
678 769 807 825 doctrina
824 764 966 823 dicemus?
980 763 1138 820 Doctrinam
1189 762 1286 819 celiam
1308 762 1379 819 iranc
1399 762 1534 818 vinariam
1557 763 1713 818 introducta
1737 762 1836 830 inerit,
1852 764 1919 835 quid
1932 781 1990 820 non

344 871 429 943 ipsius
450 867 646 922 commendant
661 861 816 918 indubitata
840 862 961 926 veritas,
980 867 1007 914 et
1019 856 1140 915 coelcstis
1190 854 1318 923 deinceps
1331 854 1430 923 poterit
1448 855 1482 910 de
1497 869 1598 925 sponso
1615 869 1792 925 cognoscere,
1816 864 1864 910 ant
1884 855 1912 911 in
1931 873 1992 926 prro

343 961 458 1016 altitudo
472 956 630 1027 Sapientiae.
642 954 744 1019 Vitam,
756 952 800 1008 cni
812 952 938 1008 doctrina
953 949 1140 1007 testimonium
1190 944 1297 1001 dilecta
1311 960 1368 1002 snae
1379 962 1409 1002 se
1422 949 1522 1016 poterit
1540 948 1587 1003 ille
1600 948 1713 1003 celare?
1725 946 1774 1003 llic
1786 947 1843 1017 jam
1862 951 1991 1019 requiem

343 1051 480 1122 perhibet,
496 1045 646 1118 praedicant
661 1052 865 1101 consummatae
876 1041 990 1111 justina
1004 1055 1098 1110 opera,
1113 1048 1141 1094 et
1191 1038 1244 1095 sibi
1260 1040 1352 1094 anima
1370 1038 1435 1095 lelix
1450 1041 1567 1105 invenit,
1581 1051 1609 1096 et
1616 1039 1674 1110 jam
1691 1040 1843 1112 disciplina
1856 1058 1915 1099 suae
1925 1059 1992 1111 per·

344 1155 451 1196 srrnrma
470 1140 576 1195 riscera
601 1134 810 1191 artiserieordiae.
835 1131 980 1189 Honorem
1006 1129 1142 1203 passionis
1191 1132 1380 1203 cipitlrnctns,
1394 1149 1454 1188 cnm
1464 1132 1520 1203 jam
1531 1133 1653 1189 discendi
1665 1143 1789 1190 remanet
1799 1134 1992 1195 laborantius.

345 1231 528 1289 obedientiam
540 1243 655 1284 summa
666 1227 830 1284 innocentiae
843 1226 948 1298 puritas
961 1233 988 1282 et
1000 1223 1142 1281 humilitas
1192 1226 1241 1281 liic
1257 1226 1332 1281 locns
1347 1226 1488 1296 speciosus
1502 1228 1535 1281 ad
1553 1216 1713 1293 videndum,
1727 1228 1863 1297 spatiosus
1877 1231 1912 1285 ad
1930 1246 1992 1285 ma·

347 1324 489 1397 parientiae
505 1322 665 1394 singularis.
1193 1316 1324 1382 nerrdum,
1344 1327 1373 1372 et
1387 1317 1421 1373 ad
1433 1318 1604 1387 pausandum
1617 1319 1737 1389 quietus,
1749 1334 1811 1375 cunr
1828 1337 1914 1392 nsqne
1927 1337 1993 1393 per·

384 1415 600 1473 liecaeteroillnc
611 1414 694 1471 rediit
708 1414 874 1480 undevenil,
887 1422 1010 1468 naturam
1021 1424 1140 1469 vestram
1192 1406 1297 1460 venerii
1312 1407 1422 1469 anima,
1441 1415 1468 1460 et
1485 1408 1554 1463 itanc
1575 1408 1627 1463 eibi
1644 1409 1766 1477 rettulerit
1789 1411 1899 1467 beatam
1913 1414 1992 1469 inre-

346 1509 444 1565 moffis
454 1507 680 1577 [siumppffigone’
691 1506 716 1559 ῑῃ
730 1522 782 1576 qua
794 1505 875 1575 paulo
887 1504 978 1560 minus
989 1504 1024 1560 ab
1036 1505 1141 1574 angelis
1193 1497 1283 1566 nevit,
1307 1507 1372 1555 tunc
1392 1498 1546 1554 laetabunda
1568 1508 1596 1553 et
1613 1498 1728 1555 laudans
1750 1502 1905 1560 clastrabil:
1922 1504 1991 1560 Hace

347 1600 479 1654 minorari
497 1599 591 1663 voluit,
607 1598 678 1654 nltra
694 1613 791 1653 omncs
806 1598 966 1667 angelorum
983 1596 1142 1651 altitudines
1193 1593 1294 1661 requies
1314 1607 1372 1646 urea
1390 1592 1418 1647 io
1439 1592 1567 1647 soernlnm
1588 1594 1681 1648 aoecuit'
1703 1592 1792 1666 (Ptol.
1809 1598 1916 1668 asara),
1932 1608 1990 1654 etc.

350 1690 377 1745 in
397 1705 527 1747 consessu
547 1699 670 1759 paternae
690 1691 811 1746 dexterae
830 1689 998 1744 sublimavit.
1021 1688 1090 1743 Ecce
1105 1687 1142 1742 ibi
1194 1682 1272 1739 'irrrtc
1290 1684 1385 1741 innixa
1401 1700 1486 1756 snper
1499 1685 1630 1741 dilectum
1649 1702 1743 1754 suurn,
1760 1697 1872 1758 totaqne
1885 1688 1922 1745 illi
1939 1693 1991 1745 arl-

347 1798 452 1847 sumus,
468 1782 505 1838 ihi
521 1781 648 1848 vivimus,
664 1782 701 1837 ibi
716 1796 872 1853 regnamus.
888 1779 1044 1851 Regnamns
1060 1779 1142 1850 pinne
1194 1774 1312 1841 tranans,
1323 1773 1394 1829 sicut
1409 1789 1462 1829 non
1477 1776 1581 1845 poterit
1594 1774 1667 1829 alind
1680 1789 1762 1846 qrrarn
1776 1776 1851 1832 illnm
1863 1779 1991 1849 diligere,

347 1873 394 1929 ubi
404 1873 585 1929 substantiam
595 1882 716 1928 nostram
727 1886 846 1943 regnare
855 1873 1018 1945 gandemus.
1030 1872 1142 1929 Minime
1158 1847 1179 1906 Β
1193 1867 1234 1922 sic
1246 1881 1296 1922 nec
1313 1868 1423 1938 poterii.
1435 1882 1488 1924 ¹¹00
1500 1870 1638 1939 oboriebil
1650 1869 1760 1924 aliunde
1771 1875 1900 1939 pandera.
1913 1871 1993 1929 Tune

347 1966 425 2021 illinc
445 1966 542 2022 abesse
563 1981 725 2037 possumus,
746 1965 791 2020 nbi
812 1963 869 2034 iam
896 1964 1033 2036 potiorem
1057 1964 1142 2020 nostri
1196 1959 1319 2027 speciosa
1343 1967 1371 2015 et
1397 1962 1492 2017 suavis
1509 1973 1537 2016 et
1556 1971 1612 2016 tota
1628 1963 1736 2018 deliciis
1757 1962 1886 2030 alilnens,
1906 1979 1993 2022 suase

350 2068 455 2129 partem
469 2057 542 2127 capit
558 2057 688 2113 hominis.
711 2057 733 2112 0
749 2054 845 2113 felices
865 2072 926 2124 nos,
951 2054 1030 2123 itarius
1046 2056 1144 2127 capitis
1196 2049 1260 2105 illud
1273 2051 1478 2123 epithalamium
1490 2053 1663 2124 jucunditate
1676 2055 1791 2111 mirilrca
1806 2056 1991 2113 decantabita

348 2151 470 2207 membra
484 2164 588 2213 sumus,
603 2147 625 2203 si
637 2148 794 2219 huiccapiti
807 2147 913 2203 unitate
927 2146 989 2203 irdci
1001 2157 1028 2204 et
1042 2146 1145 2202 amoris
1196 2142 1314 2199 Dilectus
1334 2161 1408 2200 mens
1428 2146 1511 2211 milri,
1530 2155 1617 2218 elego
1640 2147 1680 2200 illi
1702 2146 1792 2216 (Curat.
1816 2150 1848 2216 ι).
1870 2147 1932 2218 lpse
1954 2148 1992 2203 illi

350 2240 512 2312 compagine
533 2239 720 2295 cohaeremus!
747 2238 776 2293 ln
800 2238 853 2294 hoc
872 2238 928 2309 jam
956 2237 1145 2311 promissionis
1195 2233 1274 2305 piena
1296 2234 1410 2301 letitia,
1425 2236 1484 2306 ipsc
1504 2235 1611 2307 integra
1631 2236 1717 2309 gloria
1734 2237 1770 2293 ilii
1792 2239 1862 2306 erit,
1877 2254 1942 2294 cuns
1959 2240 1993 2295 ad

349 2332 461 2387 arrham
477 2329 645 2400 accepimus,
658 2328 721 2399 qnia
736 2327 823 2398 ipsum
840 2328 942 2385 dixisse
958 2329 985 2383 in
998 2327 1145 2398 Evavrgelio
1195 2325 1296 2394 parietis
1315 2325 1397 2396 hujus
1411 2326 1568 2383 iclicitatem
1585 2329 1779 2397 perveneritis,
1795 2328 1853 2385 sire
1869 2330 1992 2396 interim,

350 2423 463 2478 minime
480 2421 662 2476 dubitamus:
687 2420 770 2486 Volo,
790 2419 884 2487 Pater,
904 2428 933 2474 nt
953 2419 997 2474 ahi
1015 2437 1073 2475 anm
1086 2436 1143 2491 ego,
1196 2421 1253 2476 sive
1270 2420 1380 2490 raptim,
1397 2428 1426 2475 et
1444 2430 1617 2476 transeuntes
1633 2436 1683 2491 per
1693 2422 1870 2489 desiderium,
1882 2424 1941 2478 sive
1955 2425 1994 2476 le·

349 2514 407 2576 iliis
417 2517 451 2571 ait
464 2527 488 2570 et
500 2516 620 2571 minister
631 2532 704 2572 naeus
718 2515 880 2587 (dannan).
892 2515 958 2572 Cum
972 2514 1146 2587 promisisset
1197 2512 1275 2567 licius
1294 2528 1343 2583 per
1362 2513 1462 2569 mentis
1484 2526 1645 2579 excessum,
1660 2516 1718 2569 sive
1732 2514 1840 2569 beatius
1859 2530 1910 2584 per
1929 2516 1993 2567 vite

350 2615 380 2665 ee
395 2608 451 2664 suis
465 2608 583 2678 gratiam
593 2608 722 2663 daturum
738 2616 765 2664 et
779 2608 905 2677 gloriam,
919 2616 947 2663 et
959 2607 1067 2663 interim
1084 2622 1148 2677 gra·
1199 2601 1365 2668 hminum,
1384 2611 1494 2674 rogate,
1511 2618 1618 2673 queso,
1638 2618 1682 2659 me
1700 2603 1794 2675 glorias
1815 2615 1915 2661 vestrae
1931 2605 1993 2660 heri

352 2702 418 2755 tiam
446 2700 550 2756 tribuat
580 2698 728 2767 corrhditc,
751 2708 778 2755 et
801 2699 888 2769 gratia
913 2700 982 2754 hene
1007 2698 1146 2753 trientibus
1196 2692 1374 2765 participem,
1393 2710 1474 2765 quem
1491 2695 1536 2751 hic
1549 2694 1657 2751 habetis
1670 2696 1697 2750 in
1710 2711 1804 2752 amore
1816 2706 1990 2753 consortem.

351 2790 466 2861 gloriam
478 2802 570 2861 parat.
588 2790 692 2846 'ianren
713 2805 763 2845 nec
778 2790 805 2845 in
819 2800 941 2861 tempore
952 2792 1047 2862 gratiae
1057 2790 1147 2847 sancti
1197 2785 1290 2842 Estote
1303 2786 1414 2842 interim
1433 2787 1467 2843 de
1490 2787 1576 2843 arriani
1590 2791 1696 2844 virtute
1709 2791 1844 2845 servanda
1860 2791 1992 2854 solliciti,

351 2881 411 2937 sine
427 2880 515 2950 gloria
533 2880 717 2947 vivurrt,.sed
739 2880 773 2936 de
797 2881 952 2936 testimonio
971 2879 1147 2935 conscicntia
1198 2878 1259 2947 qaia
1270 2894 1318 2949 per
1328 2879 1437 2937 virtutis
1451 2880 1612 2937 indeliciens
1621 2883 1793 2946 exercitium,
1805 2884 1838 2937 ad
1849 2886 1993 2953 praenrinan

352 2989 414 3029 cnm
442 2972 526 3029 Patrio
550 2973 714 3042 gloriantur,
740 2982 768 3028 et
789 2974 908 3029 dicunt:
935 2973 1028 3030 Gloria
1055 2975 1147 3030 nostro
1197 2972 1357 3038 pcrrenitnr
1376 2983 1522 3029 arenarum.
1537 2972 1616 3030 Nunc
1629 2975 1714 3045 igitur
1727 2977 1790 3045 grtia
1806 2987 1898 3032 vester
1912 2994 1993 3044 sarna,

351 3068 409 3122 latae
419 3080 457 3121 ert
472 3066 652 3123 testimoninm
664 3067 840 3138 [conscientie
863 3077 960 3122 nostrae
976 3068 1019 3139 (ll
1034 3068 1096 3125 Cor.
1113 3069 1146 3138 ι).
1198 3064 1330 3133 quidquid
1345 3065 1409 3119 boni
1422 3076 1463 3121 cst
1473 3066 1500 3121 in
1515 3066 1595 3122 vobis
1610 3079 1741 3139 reputans
1754 3085 1856 3136 mcum,
1871 3087 1943 3127 nnnc
1960 3076 1995 3129 de

352 3158 471 3226 venun,
487 3172 520 3213 ng
535 3158 598 3229 quis
613 3158 647 3213 de
663 3158 845 3230 promissione
860 3158 953 3230 glogiae
974 3159 1055 3215 nimis
1077 3175 1146 3215 con.
1199 3170 1243 3209 ille
1259 3156 1285 3208 itt
1305 3158 1415 3212 Christo
1438 3167 1528 3214 estole
1544 3159 1666 3226 solliciii,
1685 3164 1732 3234 qlli
1752 3163 1778 3218 in
1794 3164 1853 3236 ipso
1864 3179 1925 3221 08⁸?
1938 3182 1995 3221 trun

353 3251 430 3316 lidnt,
445 3260 493 3305 ant
510 3251 543 3305 de
555 3250 654 3320 gratiae
667 3248 842 3304 successibus
859 3249 1018 3315 insolescat,
1040 3214 1180 3304 memorc
1198 3262 1311 3317 passum
1327 3249 1473 3306 immemor
1489 3253 1585 3308 vestri.
1601 3254 1705 3310 valete.

353 3358 463 3412 semper
477 3341 577 3396 divinae
590 3339 816 3396 comminationis
831 3339 945 3394 existat.
965 3339 1021 3403 Vm,
1040 3340 1088 3406 ait,
1105 3340 1145 3396 his
1466 3344 1633 3402 bulsinus
1653 3348 1724 3408 xlx.

354 3434 399 3506 grai
412 3432 583 3502 perdiderunt
596 3432 791 3486 subsistentiam
806 3429 901 3502 (Ereti.
916 3433 958 3505 n).
970 3432 1003 3487 Et
1019 3432 1044 3486 in
1058 3432 1147 3487 Eran-
1435 3452 1470 3492 ab
1491 3452 1619 3500 obeantur
1634 3454 1748 3495 auncurt.

353 3526 443 3597 gello:
462 3523 508 3579 Vae
522 3524 605 3590 nohis,
620 3523 723 3589 diuites,
739 3525 784 3592 qni
803 3524 908 3579 trahetis
933 3525 1143 3579 consolationem
1339 3526 1478 3583 'llortntar
1491 3530 1526 3583 nd
1541 3531 1633 3586 muntii
1646 3543 1834 3604 contemptam.

353 3629 477 3674 nestram.
498 3615 545 3671 Vn
558 3613 708 3687 gni‘rideris
722 3633 802 3682 notre,
818 3616 880 3686 onio
901 3616 1039 3686 plorabitis
1060 3627 1083 3671 et
1098 3619 1148 3687 {le-
1234 3617 1344 3688 llognsti
1357 3635 1400 3676 me
1412 3620 1521 3688 sapius,
1532 3621 1620 3679 irater
1631 3625 1806 3694 charissime,
1822 3638 1850 3684 nt
1863 3631 1913 3685 tibi
1929 3634 1996 3689 srvi-

354 3711 416 3764 bitir
441 3708 519 3779 (Lare.
538 3709 587 3776 vr).
602 3709 714 3779 lgitnra
734 3709 836 3764 virtute
852 3708 1042 3765 deicientibus
1064 3718 1094 3765 ct
1114 3710 1147 3765 de
1197 3712 1291 3768 berem
1307 3713 1410 3784 aliqntu
1424 3715 1497 3769 unde
1512 3714 1562 3770 tibi
1576 3726 1604 3771 et
1620 3716 1684 3773 littei
1701 3717 1794 3775 lervor
1809 3737 1993 3793 accresceret,

351 3785 502 3871 ¹praesentis
524 3799 588 3855 vitae
606 3798 711 3855 solatiis
734 3801 955 3866 considentibus,
970 3800 1063 3857 lictum
1081 3816 1148 3858 ocu·
1198 3811 1346 3858 atavorum
1368 3804 1515 3862 aedihcatio
1538 3811 1707 3879 proveniret.
1727 3809 1834 3870 Placuit
1853 3818 1921 3872 milri
1946 3835 1995 3889 pe·

354 3891 443 3947 lornm
457 3901 485 3946 ct
497 3889 645 3948 stridorem
659 3893 781 3948 dentium
796 3894 990 3959 comminatur,
1005 3895 1051 3964 qrri
1066 3895 1149 3950 mites
1199 3899 1282 3954 tentis
1306 3899 1432 3966 devotio;
1460 3910 1487 3956 et
1513 3902 1578 3972 grtia
1604 3917 1649 3958 me
1672 3906 1815 3961 annuendo
1838 3908 1993 3967 debitorem

355 3997 382 4041 et
408 3985 524 4040 lrnrniles
542 3986 651 4040 interim
673 3986 707 4042 de
729 3987 886 4042 testimonio
906 3988 1101 4054 conscientia,
1121 3997 1148 4044 et
1198 3993 1347 4058 constitui,
1368 3992 1516 4064 aliquando
1533 4004 1628 4052 teneor
1648 3997 1754 4054 solvere
1771 4001 1844 4069 grand
1863 4006 1992 4073 promisi.

282 4092 284 4095 ·
317 4138 320 4147 q
353 4089 404 4145 pro
424 4076 504 4131 rrrodo
526 4074 560 4129 de
580 4075 762 4146 perfruitione
784 4078 877 4147 gloriae
898 4079 1148 4136 consolatur.liaec
1197 4081 1257 4138 Erit
1271 4082 1356 4154 igitur
1373 4085 1440 4139 rnilri
1455 4087 1586 4143 materies
1603 4089 1687 4144 animi
1706 4091 1806 4158 virtus,
1820 4109 1902 4162 quam
1919 4096 1992 4152 haud

354 4175 429 4231 sunt,
443 4165 502 4231 irlii,
516 4167 715 4235 praediscendo
727 4179 754 4224 et
766 4170 877 4224 scienda
890 4180 952 4226 snm
961 4172 994 4227 de
1005 4172 1146 4243 magistro,
1198 4189 1294 4245 parum
1306 4187 1447 4246 promovet
1463 4179 1556 4233 mundi
1569 4189 1753 4252 contemptos.
1764 4181 1845 4240 Certe
1856 4199 1991 4256 qnantum

354 4271 437 4324 nouo
450 4259 609 4313 discendum
619 4260 802 4328 estquidqnid
820 4261 926 4315 utiliter
935 4272 977 4317 est
988 4264 1146 4329 sciendnrrr;
1198 4268 1337 4338 appetitur
1348 4270 1432 4324 animi
1445 4271 1545 4338 virtus,
1559 4281 1665 4329 taottrm
1681 4275 1844 4333 devitandus
1858 4287 1901 4333 est
1914 4297 1993 4335 arrror

355 4365 451 4404 verum
467 4350 501 4404 nb
517 4352 577 4418 ipso
594 4351 708 4406 mininie
722 4351 820 4418 discit,
840 4353 886 4423 qni
901 4353 1024 4409 discendi
1037 4357 1148 4411 rhodum
1198 4359 1307 4426 mnrrdi;
1323 4375 1401 4415 amor
1418 4361 1518 4432 quippe
1542 4363 1636 4418 mnndi
1653 4365 1793 4421 inimicum
1812 4369 1869 4423 beo
1889 4371 1992 4425 corasti-

317 4515 319 4525 ¹
356 4451 449 4496 tencre
472 4442 637 4496 contemnit.
656 4442 783 4499 hiscendi
812 4447 921 4500 modom
944 4447 1075 4516 magister
1090 4449 1148 4520 ipse
1198 4450 1434 4516 tuit3econtrario
1448 4453 1537 4509 virtus
1551 4454 1715 4511 desiderium
1729 4460 1990 4530 paritatemornrn.

354 4535 505 4596 describit,
528 4533 622 4589 dicens
641 4550 650 4589 a
666 4534 759 4590 Tollite
777 4536 874 4609 ingram
894 4554 979 4593 menna
1001 4558 1080 4613 saper
1101 4561 1146 4599 noa
1162 4574 1184 4628 ὓ
1199 4544 1255 4599 Nisi
1266 4554 1368 4600 aetema
1385 4544 1484 4602 luerint
1498 4549 1524 4602 in
1537 4550 1682 4617 desiderio,
1696 4552 1851 4609 nullatenus
1861 4570 1896 4611 aa
1907 4559 1992 4614 corde

355 4625 465 4696 (lirani.
482 4629 520 4698 ar)
535 4643 542 4681 a
559 4624 655 4696 jognnr
674 4629 746 4682 eninr
763 4645 822 4696 ens
837 4630 932 4686 tollere
945 4647 1027 4703 snper
1041 4649 1085 4701 sc,
1103 4644 1146 4690 est

315 4789 317 4794 ,
355 4713 479 4774 discendi
502 4719 610 4774 niodum
632 4729 736 4777 tencre.
751 4720 785 4777 Et
802 4721 867 4792 «guid
885 4723 980 4796 jngnm
999 4727 1067 4797 ejas,
1092 4728 1145 4784 nisi

315 4806 317 4812 ⁸
355 4827 437 4868 amor
450 4811 529 4882 elusi
543 4809 661 4882 tngurn,
678 4813 805 4884 inquam,
820 4813 880 4884 ejus
896 4826 939 4872 cst
950 4833 1027 4874 anmr
1038 4835 1147 4892 perma-

314 4970 316 4977 Α
354 4919 435 4970 neris,
450 4903 547 4970 hdelis,
561 4912 590 4959 et
600 4912 724 4974 sarrctus,
736 4894 766 4963 et
781 4908 882 4976 suavis,
900 4921 991 4968 rectns
1005 4921 1034 4968 et
1045 4913 1145 4971 dulcis.

323 5064 326 5070 ¹
353 4999 468 5072 drrgrrm,
484 5000 585 5069 inquit,
601 5017 688 5057 ntenm
703 5018 782 5059 saraae
797 5014 854 5073 eat,
870 5014 893 5060 et
908 5023 974 5062 orans
988 5024 1074 5064 meam
1093 5010 1146 5064 iere

329 5080 456 5185 '‘tibidh
468 5087 717 5162 Oamorisjrrgum,
729 5108 811 5165 quarn
823 5093 1020 5153 delectabiliter
1031 5102 1144 5156 onerasl

1198 4643 1369 4705 quaerrrntnr.
1389 4637 1418 4692 in
1439 4638 1576 4696 desiderio
1595 4653 1685 4697 antem
1705 4659 1836 4700 essenon
1855 4658 1990 4717 possunt,

1197 4725 1250 4781 nisi
1262 4725 1350 4781 virtus
1360 4727 1395 4782 ad
1407 4729 1552 4785 ridendum
1567 4732 1713 4800 illnnrinet,
1727 4744 1755 4790 et
1773 4739 1807 4790 ad
1822 4737 1989 4809 diligendum

1198 4818 1360 4880 iithammet.
1382 4822 1512 4880 Neutrins
1537 4826 1671 4894 istorum,
1699 4828 1804 4886 scilicet
1825 4829 1939 4888 luminis
1963 4845 1992 4890 et

1197 4912 1311 4978 amoris,
1325 4927 1411 4984 capax
1428 4925 1470 4970 est
1483 4916 1609 4985 animos,
1625 4934 1706 4988 qrrcrn
1722 4921 1869 4978 rnurroanae
1884 4926 1992 4996 eupidi-

1196 5004 1263 5062 tatis
1277 5007 1427 5062 terrenitas
1440 5006 1568 5079 inquinat
1581 5017 1610 5064 el
1625 5012 1777 5068 obscurata
1792 5014 1844 5069 ista
1860 5017 1990 5074 nimirum

1199 5102 1345 5159 terrenitas
1355 5112 1383 5158 et
1394 5103 1512 5159 lutosam
1526 5104 1553 5160 in
1570 5109 1694 5164 retrahet
1709 5109 1902 5180 toetnlentiam,
1914 5116 1992 5186 cnjns

334 5184 435 5263 'garam
456 5181 574 5238 dulciter
595 5183 691 5255 capis!
711 5200 795 5256 qnam
816 5190 938 5246 straviter
955 5190 1041 5264 ligas!
1062 5210 1144 5265 quanm
1196 5199 1340 5249 contactus
1356 5203 1475 5252 mentem
1489 5197 1689 5266 commaculat3
1705 5209 1733 5256 et
1746 5202 1874 5259 obtusam
1887 5208 1992 5274 grossi-

286 5264 453 5353 imitanter
466 5276 587 5347 premis!
600 5275 651 5333 llic
662 5291 750 5343 amor,
767 5280 818 5335 hoc
829 5280 924 5353 iugum
937 5283 1039 5341 idcirco
1050 5285 1146 5357 iugum
1198 5284 1337 5353 tudisvem,
1357 5286 1436 5358 cnjus
1450 5287 1576 5358 objectus
1590 5289 1678 5346 iucem
1694 5308 1821 5363 supernas
1836 5295 1992 5364 majestatis

305 5350 465 5434 ''dieitun
490 5369 571 5439 quia,
598 5371 681 5428 Verbi
701 5382 730 5428 et
753 5376 852 5432 anima
877 5391 962 5433 snare
988 5377 1144 5450 conjuginm
1195 5387 1224 5434 et
1238 5378 1374 5435 claritatis
1384 5394 1417 5435 ne
1428 5385 1514 5453 possit
1526 5392 1670 5454 penetrare
1687 5386 1819 5441 retardat.
1829 5386 1990 5455 bbjicicnda

350 5456 480 5530 irrrrgens,
496 5460 570 5516 nullo
582 5461 700 5519 divortio
714 5465 817 5535 patitur
829 5468 964 5538 separari.
985 5467 1042 5525 Non
1058 5471 1144 5528 seratis
1196 5482 1238 5529 est
1262 5474 1345 5546 igitnr
1360 5482 1470 5531 terrena
1487 5478 1628 5547 copiditas
1646 5481 1679 5535 de
1700 5482 1821 5550 appetitu
1836 5483 1936 5549 animi,
1960 5495 1991 5538 ur

353 5552 474 5607 animam
493 5560 567 5608 tnanr
586 5557 707 5613 novitate
728 5557 788 5614 hdei
815 5561 1056 5629 adolescentulam,
1079 5580 1145 5617 carar-
1195 5567 1991 5639 exaltatnsanimusdeterra,coelivicemerhibeatcorio-

348 5636 473 5700 ‘lessione
493 5644 594 5717 lotam,
608 5648 764 5706 innocentia
780 5653 942 5720 candidam,
956 5655 1023 5711 castl
1038 5655 1145 5713 timoris
1196 5674 1256 5713 rnm
1283 5661 1444 5717 habitatori.
1466 5663 1550 5720 Certe
1571 5679 1633 5720 cnrrr
1654 5668 1777 5722 omnium
1799 5670 1836 5724 sit
1857 5668 1990 5725 Constitor

354 5734 459 5802 pudore
481 5741 673 5809 verecundam,
688 5743 844 5799 hnmilitate
859 5755 1005 5812 maturam,
1021 5750 1145 5806 custodia
1196 5751 1285 5820 llens,
1301 5769 1362 5809 cnm
1383 5755 1445 5810 coeli
1464 5764 1493 5812 et
1515 5765 1595 5813 terra·
1609 5759 1645 5814 sit
1667 5761 1810 5826 bantinus,
1827 5762 1936 5817 norrrdsi
1960 5763 1988 5816 in

356 5825 707 5903 disciplinaecorrrpositnnr,
723 5836 854 5906 parientia
871 5853 990 5910 roseam,
1011 5842 1146 5901 charitate
1196 5846 1275 5903 cmlis
1304 5847 1501 5906 habitationem
1523 5850 1625 5906 habere
1647 5852 1749 5909 dicitur
1771 5870 1780 5908 a
1803 5869 1866 5910 cnm
1890 5855 1989 5930 procul
