4425 6450
243 433 291 488 oet
503 377 509 386 ’
806 381 813 391 ’
938 421 1129 481 eetsrotm.
1818 417 1872 481 tes

248 548 323 601 iuter
337 544 430 599 ontrria
445 539 540 594 salutis
554 539 672 596 rcutedia
689 537 757 603 nibil
770 537 941 595 confessione
961 539 1033 595 salu·
1047 544 1070 603 Α
1084 552 1150 593 saure
1166 542 1277 591 sauctus
1292 531 1380 589 aulert
1404 548 1434 589 se
1457 547 1472 588 a
1494 531 1791 605 cogitationibusque
1810 549 1875 594 suut

245 639 324 694 brius
340 636 513 707 praedicatur.
534 632 567 688 Et
580 634 644 703 quid
658 642 699 689 est
711 631 850 688 couiessio
867 630 918 687 nisi
931 631 1033 701 proprii
1085 629 1145 683 sinc
1160 626 1309 681 intellectu.
1326 624 1378 689 Qui
1398 625 1457 681 siue
1467 625 1605 682 intellectu
1619 638 1697 692 sunt,
1716 629 1796 699 plane
1809 643 1874 688 sum

243 739 337 784 reatus
358 724 514 791 aocrtsatlo,
538 741 599 780 curu
624 724 762 779 buntiiiicr
778 733 806 779 et
827 728 921 794 aperie
941 731 969 777 et
992 725 1034 778 iu·
1085 717 1300 783 irrationabiles,
1316 734 1350 773 ac
1365 733 1414 789 per
1443 718 1495 773 boc
1510 726 1573 773 suut
1593 719 1675 775 etiam
1687 721 1826 778 bestiales.
1844 724 1872 777 Si

242 826 321 888 tegre
335 823 363 872 et
386 815 503 871 iideliter
521 823 630 885 peccata
642 829 690 868 sua
709 814 746 868 ilii
762 814 894 869 coulltens
906 812 971 869 dicit
987 815 1032 882 qui
1085 813 1177 881 ltaque
1193 825 1262 883 opus
1278 820 1352 865 tumn
1375 810 1433 867 siue
1447 809 1586 866 intellectu
1604 811 1696 877 luerit,
1712 814 1765 869 ltoc
1779 826 1821 871 est
1837 817 1874 869 ir-

244 919 402 979 supereum
416 908 560 978 superbae
573 916 775 975 repotestatem
790 906 894 975 accepit
907 914 915 959 t
928 905 1034 962 Teneor
1085 903 1259 966 rationabile,
1283 917 1373 956 uentre
1391 904 1446 957 crit
1471 902 1633 973 obsequium
1660 904 1796 963 tresttalet
1819 904 1874 963 Seu

243 1003 380 1071 siquidem
400 1000 438 1057 illi
459 1009 568 1072 peccata
591 1015 652 1055 urea
669 1014 729 1070 ‚per
743 998 941 1055 coulessiouem
956 1000 1038 1055 dcte-'
1084 998 1107 1050 ri
1130 995 1211 1049 bestie
1225 996 1338 1064 tetigerit
1357 1005 1489 1058 montem,
1510 994 1674 1062 lapidabitur
1686 997 1786 1065 (deod.
1803 1001 1871 1067 ιιι),

244 1101 327 1164 gere,
342 1091 386 1146 eui
406 1089 504 1147 animae
519 1105 586 1146 meae
598 1089 688 1145 claves
710 1103 725 1142 a
742 1088 856 1143 bontiuo
877 1097 943 1144 sttut
956 1102 1032 1144 eom·
1085 1085 1147 1152 quta
1163 1084 1210 1153 qui
1224 1083 1331 1138 bestiali
1345 1092 1446 1147 mente,
1472 1085 1523 1138 lroe
1538 1085 1652 1140 estsine
1668 1086 1818 1154 intellectu,
1835 1090 1875 1144 di·

244 1184 348 1239 missa.
378 1182 482 1237 bivium
517 1180 652 1236 institutio
688 1180 851 1234 turuuuilitatis
881 1181 1032 1237 remedium
1085 1174 1281 1230 viuisinservit
1292 1175 1497 1246 oilleiis,ruagis
1508 1191 1540 1229 es
1555 1177 1654 1232 duritia
1670 1180 1760 1235 cordis
1774 1180 1873 1251 lapidei

244 1272 386 1341 erltibuit,
401 1271 543 1328 diabolice
563 1269 729 1328 delensiouis
749 1269 832 1326 elatio
846 1272 1033 1327 excusationis
1086 1266 1227 1321 cruciatur
1241 1281 1323 1336 quant
1338 1267 1454 1321 oblectet
1469 1282 1531 1323 eum
1551 1268 1649 1324 diviua
1660 1273 1811 1340 presentia>
1826 1274 1875 1329 tm.

243 1364 387 1420 latibulum
420 1364 569 1420 adinvenit.
596 1362 696 1417 Eadem
723 1362 824 1432 quippe
849 1363 1031 1433 malignitate,
1085 1358 1158 1413 ntitas
1174 1368 1229 1412 tam
1245 1358 1345 1414 suavis.
1355 1357 1460 1428 iugiter
1474 1358 1556 1429 igitur
1568 1369 1596 1416 et
1608 1362 1718 1419 assidue
1731 1365 1764 1420 de
1779 1365 1822 1420 bis
1833 1376 1875 1422 est

243 1471 300 1527 qua
323 1453 380 1511 ruit
404 1465 432 1511 ct
450 1454 516 1511 lacit
540 1455 650 1509 virtutis
678 1454 791 1508 aemulus
816 1466 926 1521 peccata
954 1457 1032 1520 lieri,
1086 1448 1356 1506 laciendacuulessio
1377 1465 1437 1519 quae
1461 1452 1817 1527 abundantissiutescmper
1831 1458 1874 1512 in-

243 1549 341 1605 cedent
360 1546 418 1602 vult
440 1545 608 1618 malignitate
620 1545 715 1601 celati.
737 1545 760 1601 0
776 1547 798 1601 si
814 1547 918 1618 primus
932 1561 1032 1616 pareus
1083 1543 1159 1596 veuit
1174 1541 1247 1597 cited
1263 1541 1412 1611 βθιιῑιιῐὶι
1425 1544 1529 1608 cordis,
1544 1546 1616 1614 duod
1631 1546 1729 1603 delteat
1741 1564 1875 1606 accusare

243 1638 357 1696 laumaul
385 1637 493 1709 generis
521 1637 726 1691 exeusationem
755 1652 808 1692 non
836 1637 979 1706 quaesisset
1005 1639 1031 1691 iu
1083 1647 1111 1690 et
1133 1636 1264 1707 plangere
1281 1638 1308 1691 in
1324 1636 1395 1693 lacie
1410 1638 1571 1693 sacerdotis.
1583 1638 1612 1693 ln
1628 1640 1765 1709 planctum
1776 1644 1876 1701 auinaue

242 1730 384 1798 peccatis!
400 1728 480 1783 Certe
494 1726 517 1783 si
528 1738 605 1782 suant
621 1726 728 1797 cuipam
741 1727 880 1783 lmutiliter
901 1743 1032 1783 excusus·
1085 1728 1176 1781 veniat
1187 1728 1259 1797 quod
1273 1728 1308 1783 de
1318 1727 1467 1796 praeteritis
1483 1726 1560 1783 malis
1582 1730 1702 1785 nondum
1721 1732 1802 1803 digne
1816 1750 1878 1804 pm·

242 1832 287 1877 sot
300 1820 334 1893 [i.
350 1823 536 1891 accusassetl,
553 1828 606 1874 nou
623 1826 677 1873 tarn
695 1818 835 1874 crudelem
856 1820 952 1876 mortis
965 1834 1030 1875 scu-
1085 1816 1184 1880 niteat,
1200 1817 1273 1884 quod
1286 1818 1365 1871 maiis
1378 1818 1544 1873 instantibus
1555 1819 1669 1889 provide
1680 1820 1762 1877 uitatis
1778 1835 1874 1889 restat,

241 1915 356 1970 tentiam
372 1912 533 1980 excepisset.
559 1910 635 1966 livine
659 1920 749 1967 autern
766 1911 923 1981 delinquere
933 1922 960 1966 et
982 1914 1032 1967 de·
1048 1888 1070 1943 Β
1084 1908 1156 1976 quoti
1175 1909 1343 1977 accipiendis
1358 1909 1404 1964 bei
1426 1909 1568 1966 beuellciis
1590 1924 1620 1966 se
1642 1910 1782 1982 indiguum
1797 1917 1876 1972 eriri·

242 2000 370 2056 litescere
398 1998 562 2067 t-oluit,qul
589 2009 638 2053 cor
658 2015 736 2055 soum
758 2000 783 2053 iu
810 2001 890 2054 verba
921 2000 1032 2056 malitie
1082 1992 1157 2057 beat.
1173 1996 1244 2064 quod
1262 2004 1338 2051 lutet
1353 2005 1407 2051 tam
1420 2012 1493 2067 saepe
1505 2000 1627 2069 acceptis
1641 2001 1746 2071 ingrata
1760 2006 1872 2063 existat.

240 2087 399 2144 declinarit.
422 2085 529 2152 lluller,
557 2086 661 2157 iuquit,
687 2102 765 2157 quom
777 2086 875 2142 dedisti
899 2089 964 2143 milti
989 2106 1032 2143 ro·
1083 2084 1142 2140 Nou
1156 2086 1276 2156 negligat
1289 2085 1418 2158 plangere
1433 2098 1461 2143 et
1486 2092 1641 2159 exprimere
1656 2104 1746 2149 motus
1758 2106 1786 2152 et
1801 2112 1876 2154 reso·

240 2181 328 2246 ciera,
343 2180 415 2234 dedit
431 2179 495 2233 uribi
512 2178 544 2233 de
559 2179 629 2247 liguo
644 2176 875 2249 ercunualdus.
890 2182 943 2249 ιιι).
959 2179 1030 2247 Quid
1083 2176 1201 2233 lutioues
1214 2177 1361 2234 immundae
1372 2179 1465 2235 caruis
1479 2189 1574 2235 contra
1589 2184 1748 2239 munditiam
1765 2195 1792 2242 et
1809 2201 1874 2257 gra-

242 2269 328 2324 miser
342 2270 419 2340 agis?
432 2270 501 2337 Quid
520 2271 630 2340 ettlpam
646 2279 718 2325 tuam
742 2271 768 2324 iu
782 2277 922 2325 auctorem
937 2269 1031 2325 relum-
1083 2268 1149 2320 tiaru
1164 2267 1327 2322 honestatis.
1339 2266 1444 2324 Sensus
1466 2284 1598 2327 accusare
1609 2287 1663 2328 nou
1679 2277 1798 2346 negligat
1813 2292 1877 2333 cor·

240 2363 305 2418 disi
327 2361 395 2418 llum
428 2372 570 2434 propterca
599 2363 643 2419 ilie
673 2365 811 2432 peccavit,
836 2364 901 2433 quia
927 2363 1031 2417 sociam
1082 2358 1190 2425 porsies
1203 2359 1236 2413 ad
1254 2360 1400 2429 gravitatis
1424 2369 1452 2415 et
1471 2362 1622 2433 disciplinae
1643 2365 1799 2433 discidium,
1823 2384 1875 2439 pro

241 2453 385 2510 mullerem
413 2454 461 2511 tibi
490 2453 643 2509 concessit?
662 2452 722 2509 itui
748 2453 836 2524 tnagis
860 2455 980 2522 iruputa,
1002 2462 1030 2505 tu
1082 2449 1142 2504 suis
1157 2449 1376 2516 diversitatibus,
1391 2461 1549 2522 evagantes.
1577 2455 1679 2513 Delicta
1693 2458 1754 2527 quis
1773 2460 1876 2517 iutelli-

220 2537 226 2544 ’
241 2545 331 2616 magis
352 2559 450 2599 accusa
465 2583 473 2608 ,
489 2558 551 2598 cunt
567 2543 594 2598 iu
610 2552 655 2599 tua
671 2552 744 2599 esset
766 2551 900 2613 potestate
915 2542 1032 2612 positum
1083 2541 1141 2611 git?
1156 2540 1225 2608 Quis
1240 2541 1408 2598 intellectum
1436 2544 1471 2599 ad
1493 2542 1627 2614 liquidum
1650 2549 1876 2618 comprehendit?

239 2634 315 2691 scire
329 2643 358 2690 ιι
370 2649 449 2705 posse
463 2634 551 2689 vitare
572 2644 724 2703 peceatum.
745 2634 831 2705 igitur
841 2672 848 2693 .
860 2635 931 2690 sicot
943 2635 969 2687 iu
986 2649 1031 2689 re·
1084 2632 1196 2699 Quoties
1207 2634 1448 2689 accommodamus
1458 2649 1541 2691 aures
1554 2638 1638 2692 animi
1656 2642 1876 2710 suggestionibus

237 2726 340 2781 mediis
368 2725 469 2796 aliquid
498 2724 593 2779 ltotnili
623 2724 794 2782 confessione
817 2724 1032 2782 satubrtusuuu
1084 2723 1209 2778 iuimlell
1237 2722 1349 2790 Quoties
1373 2723 1470 2781 allecto
1500 2729 1667 2786 recurrimus
1691 2732 1726 2786 ad
1752 2733 1876 2791 oblecta·

238 2819 337 2884 babet,
353 2819 391 2873 sic
408 2818 480 2873 iuter
499 2817 615 2873 erimina
630 2818 735 2886 peccati
751 2818 912 2875 defensioue
927 2819 1030 2875 uullmu
1084 2823 1175 2868 menta
1200 2815 1293 2871 tutundi
1312 2816 1319 2871 l
1355 2817 1468 2885 Quoties
1495 2817 1629 2877 efficimur
1656 2832 1877 2897 transgressores

237 2909 387 2964 nocentius
403 2908 550 2964 iuvenitur.
566 2907 617 2975 Qui
634 2916 744 2977 peccata
768 2908 905 2974 defendit,
919 2918 947 2964 et
960 2910 1032 2963 rcri-
1083 2904 1159 2958 voti!
1175 2904 1290 2972 Quoties
1302 2906 1465 2979 negligimus
1484 2923 1619 2982 precepta
1633 2914 1696 2970 dett
1713 2915 1826 2983 Quoties
1846 2919 1875 2976 iu

240 3009 326 3054 tatem
339 3000 465 3069 abnegat,
487 3008 515 3054 et
529 3008 688 3068 persecutor
702 3008 745 3055 est
762 3000 883 3069 pietatis.
900 3000 949 3067 Qui
962 3015 1031 3057 cou-
1083 2994 1186 3051 (11111111
1207 2996 1304 3055 offitiis
1316 3000 1482 3057 wmndlenli
1503 3018 1598 3059 sumus
1619 3014 1667 3061 tul
1686 3008 1783 3079 repicit
1801 3009 1876 3077 Quo·

243 3094 338 3148 litetur
361 3100 389 3147 ct
403 3102 529 3157 accusat,
554 3105 678 3149 uteretur
700 3093 836 3164 iustitiam
850 3132 858 3158 ,
872 3104 900 3150 et
926 3096 1031 3151 amicus
1084 3091 1136 3147 ties
1147 3091 1182 3147 ad
1197 3093 1383 3151 obedientiam
1409 3110 1506 3168 segnes
1518 3109 1547 3155 ct
1559 3100 1646 3157 tardi!
1663 3105 1778 3172 Quoties
1789 3110 1876 3180 negli-

239 3183 356 3241 allicitur
370 3183 502 3240 veritatis.
529 3184 562 3240 Et
583 3186 635 3242 troc
659 3186 767 3257 quidem
794 3186 851 3256 agit
872 3185 954 3242 tiruor
979 3187 1030 3243 lm·
1082 3182 1172 3255 gimus
1196 3200 1293 3243 eoram
1320 3189 1458 3259 proximi!
1484 3191 1599 3260 Quoties
1622 3194 1648 3251 ei
1671 3193 1875 3272 laeirnusquod

241 3277 317 3334 milis
341 3291 391 3348 per
418 3277 470 3332 boe
493 3275 637 3347 justificari
670 3279 821 3347 impetrans
849 3293 864 3333 a
898 3248 1221 3349 peecattucnotlemus
1234 3281 1269 3337 ab
1282 3281 1343 3353 ipso
1356 3284 1429 3354 pati!
1450 3283 1564 3352 Quoties
1591 3289 1627 3345 ab
1653 3289 1713 3360 ipro
1736 3293 1875 3364 erigimus

242 3368 340 3427 'lotum
371 3377 399 3423 et
419 3368 484 3439 juge
511 3377 555 3424 est
577 3369 683 3424 timoris
712 3367 830 3425 olcium
850 3411 861 3434 ,
882 3367 1030 3425 virtutibus
1083 3369 1218 3438 districte,
1234 3387 1294 3442 quae
1310 3375 1346 3441 el,
1370 3376 1394 3430 si
1422 3380 1555 3448 exigeret,
1571 3380 1683 3438 minime
1701 3382 1872 3444 laceremus!

240 3460 309 3518 dare
328 3474 459 3532 opacant,
479 3460 599 3517 nominis
619 3457 786 3516 coulessioui
816 3459 944 3517 insistere
966 3474 1030 3530 pec-
1082 3457 1163 3532 Saepe
1178 3463 1349 3522 adversitate
1373 3465 1529 3537 dejicimur,
1559 3474 1741 3543 prosperitate
1766 3480 1875 3536 extolli·

241 3563 378 3610 catorum.
408 3552 570 3608 llirabilitcr
593 3550 735 3609 coulertur
762 3553 893 3609 industria
925 3553 1030 3612 timoris
1082 3569 1155 3610 mur.
1174 3551 1252 3626 Saepe
1265 3557 1301 3612 de
1315 3557 1395 3614 bouis
1410 3561 1484 3629 quod
1504 3576 1554 3632 per
1575 3565 1692 3634 gratiam
1706 3567 1753 3624 liei
1766 3579 1814 3626 aut
1827 3571 1875 3626 ba·

240 3654 343 3701 mnetae
357 3644 466 3716 negotio
488 3644 688 3709 innovationis,
716 3643 779 3698 dum
804 3652 833 3700 et
856 3643 946 3700 cordis
968 3646 1030 3702 adi·
1082 3642 1180 3703 bemus
1193 3656 1240 3702 ant
1256 3649 1375 3719 agimus,
1388 3664 1442 3706 nou
1469 3651 1518 3709 Dei
1544 3655 1592 3710 sed
1617 3665 1737 3714 nostram
1759 3661 1873 3732 gloriam

240 3743 298 3790 ιιιιιι
331 3732 398 3791 loris
423 3749 438 3789 a
462 3733 623 3792 criminibus
651 3735 806 3805 quibusque
837 3735 972 3802 defendit,
1001 3744 1031 3792 et
1081 3736 1240 3806 quaerimus.
1258 3735 1642 3815 Saepedissitnulamusquod
1666 3749 1874 3808 multumvolu·

240 3827 392 3885 incidentes
408 3829 482 3883 intus
503 3827 627 3897 pulveres
643 3825 754 3882 lavacro
774 3826 956 3884 coulessiunis
980 3829 1030 3884 ab·
1082 3843 1161 3893 mus;
1181 3844 1252 3900 saepe
1264 3829 1426 3889 simulamus
1441 3848 1492 3890 nos
1514 3835 1662 3894 aliudesse
1678 3854 1760 3910 quam
1776 3842 1872 3900 simos.

240 3926 363 3990 stergcre
380 3917 490 3987 satagit.
516 3917 582 3984 Quae
609 3927 674 3973 suut
694 3916 811 3972 erimina
829 3932 882 3973 uon
897 3931 966 3988 opus
987 3928 1030 3976 est
1082 3917 1160 3988 Saepe
1179 3921 1214 3974 de
1229 3920 1309 3975 malis
1324 3921 1351 3975 in
1371 3922 1451 3980 nobis
1474 3925 1575 3996 aguitis
1590 3929 1680 3986 miuus
1693 3947 1775 4001 quana
1791 3949 1874 4003 opor·

240 4009 290 4066 tibi
317 4014 482 4077 ostendere,
509 4011 611 4082 quibus
637 4009 767 4065 mondum
796 4009 898 4076 aspicis
919 4011 1029 4082 plenum
1080 4015 1152 4063 teret
1163 4009 1365 4074 confundimur.
1384 4027 1458 4082 saepe
1480 4013 1507 4071 ln
1530 4018 1676 4075 maledieta
1689 4022 1807 4080 aliorum
1832 4026 1873 4080 iu·

238 4116 308 4158 esse.
336 4101 426 4170 Quidl
458 4102 609 4159 incidentes
636 4102 762 4171 pulveres
792 4102 909 4157 dixerim
939 4102 1028 4169 lorte,
1080 4099 1200 4154 discreta
1226 4100 1399 4158 aemulatione
1422 4103 1586 4162 intuebimur.
1608 4108 1687 4181 Sapo
1711 4123 1807 4169 contra
1823 4116 1871 4173 bei

239 4194 391 4264 praesertim
412 4209 473 4251 com
489 4207 545 4263 prae
568 4194 611 4249 sui
634 4193 787 4249 subtilitate
809 4194 916 4250 nonnisi
938 4195 1027 4263 sorte,
1078 4189 1265 4261 justaiudtrta
1286 4208 1498 4251 murmuramus.
1521 4195 1600 4269 Seps
1620 4215 1683 4256 cum
1705 4200 1807 4261 iratres
1823 4224 1873 4263 uo·

239 4285 442 4358 purgatioribus
460 4287 548 4343 oculis
573 4286 727 4343 videantur.
753 4285 823 4354 Quid
846 4295 935 4341 autem
964 4294 1028 4342 sunt
1080 4293 1154 4338 stros
1182 4285 1318 4340 audiitcare
1346 4286 1485 4355 debemus,
1510 4287 1554 4346 bis
1578 4291 1669 4362 potios
1688 4299 1872 4368 corruptionis

239 4377 391 4436 incidentes
417 4379 545 4450 pulveres
569 4378 620 4435 uisi
646 4381 783 4451 cogitatus
816 4378 1029 4435 immmerabiles
1080 4377 1205 4447 exempla
1221 4386 1417 4435 tuoustraruus.

238 4471 373 4528 orationis
390 4481 512 4544 tempore
527 4472 623 4527 animm
640 4471 726 4526 oculis
744 4469 917 4526 involantes?
932 4468 1029 4524 Nouus
1116 4467 1181 4523 llaec
1195 4469 1304 4539 quidem
1319 4472 1412 4527 omnia
1430 4474 1560 4534 omnibus
1575 4479 1644 4535 meis
1659 4479 1794 4539 similibus
1805 4486 1873 4540 sutis

238 4571 316 4640 quasi
328 4571 460 4641 quosdam
476 4569 671 4624 iulestisslutos
683 4567 811 4639 pulveres
825 4568 936 4639 pariunt
954 4566 1028 4622 mille
1044 4582 1066 4637 p
1080 4559 1236 4614 cotttmuuia
1250 4568 1326 4626 sunt,
1342 4572 1441 4632 praeter
1452 4565 1604 4634 spiritualia
1620 4582 1681 4638 quae
1698 4572 1812 4644 siugulis
1824 4593 1873 4644 pru

236 4677 369 4719 occursus
392 4663 628 4732 phantasmatum,
650 4660 749 4730 quibus
773 4667 884 4714 orantes
904 4659 948 4714 rel
970 4674 1027 4715 rue·

236 4753 358 4810 «litantes
381 4753 614 4825 importunissime
646 4750 844 4814 ratolestautur,
869 4764 931 4804 curn
957 4766 1027 4821 prae·

235 4845 402 4902 acutissimas
426 4844 561 4913 majestati
598 4841 697 4897 diviua
722 4841 893 4907 assistimus,
921 4848 949 4895 ιι
973 4840 1026 4896 ulia

235 4953 286 5008 pro
306 4936 369 4992 aliis
391 4945 440 4991 aut
465 4936 638 5005 cogitaturus,
658 4942 706 4988 aut
734 4933 868 4998 dicimus,
892 4946 952 5002 quae
975 4947 1026 4989 uec

234 5027 323 5084 nostri
349 5027 481 5098 propositi
502 5035 581 5090 suut,
606 5039 655 5080 nee
671 5024 745 5086 loco,
770 5039 819 5079 uec
835 5025 948 5092 tempori
961 5038 1027 5078 eou-

233 5118 357 5190 groontl
378 5117 448 5185 Quid
474 5117 546 5173 aliud
571 5131 653 5187 quam
680 5116 813 5185 quosdam
830 5114 955 5184 pulveres
969 5115 1026 5187 ugi-

233 5223 350 5278 tautus,
374 5210 475 5283 quibus
502 5209 581 5265 uobis
605 5222 733 5264 serenum
758 5207 813 5263 veri
838 5207 948 5263 luminis
980 5222 1026 5263 oc·

231 5302 388 5359 culsamuel
421 5301 504 5358 cene
534 5301 584 5357 etsi
613 5300 741 5370 pulveres
765 5299 811 5354 isti
840 5299 935 5356 oculos
971 5314 1024 5353 oon

231 5405 336 5454 eruunt
368 5397 469 5464 nobis,
513 5395 684 5452 conluudunt
719 5404 809 5450 tamen
852 5394 963 5458 aciem,
997 5405 1026 5450 et

232 5490 269 5545 ab
303 5488 406 5544 intuitu
433 5504 505 5545 verae
529 5488 597 5544 lucis
624 5495 752 5542 avertuut
779 5497 901 5558 tempore
925 5486 1025 5541 oratio·

233 5585 279 5637 uis
294 5572 446 5637 sccutrdau'r
461 5579 635 5649 praesentiam
653 5577 777 5648 corporis
792 5592 884 5632 eoram
912 5579 966 5632 beo
982 5591 1026 5632 as·

232 5670 333 5726 sistere
349 5672 374 5725 iu
389 5672 474 5727 ebor-o
492 5686 555 5727 cum
571 5670 632 5725 aliis
654 5684 726 5734 esse,
742 5669 858 5738 etqousi
877 5679 923 5722 aut
937 5667 1024 5737 negli-

233 5764 324 5836 gendo
338 5774 387 5818 aot
408 5763 606 5819 curaterunendo
620 5764 793 5834 presentiam
806 5761 852 5817 lici
870 5778 918 5830 pcr
932 5761 1023 5816 tttuudl

232 5855 322 5926 spatia
344 5863 392 5909 aut
405 5855 496 5911 carrlia
511 5852 575 5910 vitia
591 5853 745 5910 animaliter
767 5852 887 5922 erugari.
904 5850 1022 5923 Spiritus

1080 4666 1194 4708 casuum
1211 4656 1344 4711 varietate
1359 4659 1532 4726 contingunt.
1547 4661 1598 4728 Qui
1615 4663 1653 4717 ita
1666 4666 1717 4721 sub
1733 4668 1872 4738 religionis

1078 4744 1174 4799 babitu
1191 4746 1249 4803 lucc
1260 4748 1287 4802 iu
1302 4762 1331 4803 se
1347 4750 1469 4804 sentiunt
1492 4762 1520 4807 et
1545 4756 1734 4823 consentiunt,
1745 4771 1872 4827 expertus

1078 4836 1271 4905 proculdubio
1296 4849 1398 4895 sonetae
1427 4843 1557 4899 novitatis
1578 4845 1710 4902 existunt.
1737 4850 1788 4918 Qui
1804 4866 1870 4907 vern

1078 4927 1202 4983 sentiunt
1217 4937 1243 4983 et
1258 4928 1432 4996 dissentiunt,
1458 4941 1485 4984 et
1504 4947 1537 4985 ex
1564 4931 1624 5002 ipso
1640 4948 1720 4992 seusu
1736 4939 1830 4994 dolcnt
1842 4949 1872 4996 et

1077 5020 1222 5091 plangunt,
1233 5017 1336 5090 jugiter
1350 5020 1506 5075 confitendo
1532 5035 1673 5094 accusant,
1694 5037 1722 5083 et
1736 5040 1869 5094 quantum

1076 5109 1474 5182 praevalentcorrigunt,sicot
1493 5125 1604 5185 propter
1628 5116 1681 5173 boe
1707 5135 1802 5176 trotrrcu
1818 5137 1868 5176 no·

1077 5205 1136 5259 vitii
1152 5212 1181 5259 et
1193 5205 1322 5258 virtutem
1342 5219 1395 5258 uon
1419 5207 1548 5273 uerutum,
1562 5209 1602 5264 sic
1618 5209 1721 5265 festivae
1735 5213 1865 5269 novitatis

1076 5296 1176 5366 gaudio
1191 5311 1243 5350 uou
1256 5294 1398 5350 carebunt.
1414 5295 1627 5354 Perseverautite
1640 5301 1778 5362 studeant,
1795 5303 1866 5358 desi·

1076 5385 1153 5440 derio
1168 5385 1296 5456 puritatis
1316 5385 1464 5453 insistunt,
1488 5399 1515 5442 et
1533 5398 1564 5441 ιιι
1584 5386 1691 5442 lucilius
1707 5405 1785 5445 suom
1799 5394 1867 5447 obti-

1076 5489 1161 5533 neant
1177 5475 1355 5542 desiderium,
1368 5477 1448 5530 timor
1459 5478 1550 5532 cordis
1566 5492 1619 5531 non
1636 5479 1744 5534 deserat
1754 5481 1867 5551 ostium,

1075 5572 1149 5639 quod
1173 5571 1216 5623 ubi
1234 5569 1297 5624 talis
1312 5570 1493 5639 permanserit
1507 5571 1646 5634 ostiarius,
1665 5575 1793 5642 pereundi
1812 5592 1867 5631 uou

1076 5662 1179 5732 poterit
1190 5677 1250 5716 csse
1265 5672 1364 5717 rivetus.
1379 5661 1473 5717 Timor
1493 5672 1534 5716 est
1550 5661 1711 5720 humilitatis
1725 5667 1865 5736 nutritius,

1075 5751 1259 5807 coulessiouis
1270 5753 1462 5816 seminarium,
1474 5761 1566 5807 custos
1582 5752 1755 5823 innocentiae,
1762 5761 1867 5829 patieu-

1076 5847 1119 5905 tiau
1131 5843 1350 5902 laudamentum.
1366 5845 1471 5933 Tiutttr·
1483 5853 1525 5900 cst
1551 5846 1690 5910 aemulatio
1701 5851 1863 5925 disciplinas,
