4425 6450
1149 277 1221 324 a·

280 335 337 436 am
857 331 1325 433 mmmmwmmm
1859 361 1912 423 m

280 492 325 548 bic
338 491 430 548 salvus
441 491 493 549 crit
505 490 613 562 (battle.
627 490 666 555 xl.
682 510 692 545 ι
707 490 815 562 Sexque
828 492 998 562 hydriarum,
1011 502 1072 558 quae
1086 494 1110 551 Α
1124 483 1452 555 introducuntjmtitiam.
1469 481 1527 538 set,
1544 495 1605 551 quae
1620 487 1661 536 est
1678 478 1732 533 ista
1750 476 1913 533 misericor·

279 586 315 640 de
339 584 469 656 perlectae
490 582 656 639 obedientiae
686 584 763 638 lrrma
791 593 868 654 petra
894 582 1070 645 exciduntur,
1124 578 1255 642 diailila,
1272 592 1324 647 qua
1337 576 1379 631 sni
1393 575 1538 629 miseretur
1550 572 1642 626 bomo.
1660 570 1697 624 be
1712 585 1764 641 arra
1778 568 1913 641 seriptum

280 671 367 742 prima
385 671 484 727 dieitur
506 668 652 738 plenaria,
675 666 795 723 secunda
808 666 895 732 velox,
913 667 991 721 certia
1004 664 1072 725 bila·
1123 679 1181 726 cst:
1195 687 1204 720 ι
1219 667 1513 724 liiserereanimoetuae
1525 664 1635 735 placens
1646 659 1805 732 DeoOEcrir'.
1817 661 1913 731 suala

281 763 332 831 ris,
354 772 452 833 quarta
467 760 635 828 voluntaria,
654 761 751 831 quinta
768 759 899 825 discreta,
916 769 991 813 sexta
1009 772 1072 827 per·
1123 762 1219 831 llagna
1244 759 1431 815 misericordia
1453 768 1504 823 cst,
1530 770 1587 810 suae
1605 755 1702 809 animae
1729 752 1868 816 misereri,
1886 749 1917 804 ιιι

280 869 421 911 severans.
452 854 480 911 in
506 851 662 919 buiusmodi
685 867 732 908 sex
763 852 868 919 bydriis
895 851 1023 905 lavantur
1045 857 1072 904 et
1123 853 1180 908 beo
1191 852 1308 922 placeat.
1323 849 1392 918 Quid
1406 849 1479 905 enim
1495 847 1543 902 illo
1564 845 1709 905 crudelius,
1725 844 1771 915 qul
1789 844 1916 913 seipsum

280 946 464 1018 parile-autur
478 945 524 1015 qni
543 959 595 998 non
612 943 735 1014 indigem
756 944 809 1000 nisi
826 953 854 998 ιι
868 943 953 1013 perles
967 942 1070 1005 tarent,
1123 947 1194 1002 mate
1207 946 1321 1001 varrenas
1333 941 1480 998 tritarum?
1492 942 1547 996 tet
1563 938 1608 994 cni
1626 938 1713 993 bonus
1725 938 1788 1002 erit,
1803 939 1851 1007 qut
1864 935 1918 996 stoi

280 1039 328 1095 scd
341 1045 405 1095 sont
421 1036 514 1099 mundi
532 1051 628 1097 omines
642 1036 734 1107 (loon.
747 1036 808 1106 ιιιι)
822 1052 829 1089 a
846 1035 893 1104 qui
905 1042 1072 1101 contempto·
1123 1052 1238 1105 nequam
1252 1038 1334 1093 esti»
1350 1033 1446 1106 (Ecrii.
1458 1034 1527 1100 ιιι).
1541 1032 1593 1089 Per
1607 1033 1676 1087 lianc
1694 1030 1916 1086 miscricordiam

281 1148 324 1187 res
339 1131 393 1203 95
407 1132 514 1199 tutandi,
540 1140 568 1187 et
589 1140 794 1200 contemptores
809 1128 851 1184 sni
869 1136 923 1182 tam
937 1126 1071 1198 expeditis
1123 1130 1306 1186 declinatura
1329 1128 1411 1193 malo,
1431 1136 1459 1182 et
1481 1134 1678 1198 expurgatnra
1700 1124 1783 1180 corde
1806 1125 1917 1195 peccati

280 1225 422 1294 gressibus
440 1223 474 1278 ad
490 1232 593 1282 aeterna
611 1222 755 1284 festinant,
772 1230 802 1275 ιιι
813 1218 882 1275 nibil
895 1219 979 1273 anaori
993 1218 1071 1278 Cbri·
1123 1219 1312 1287 mendacium,
1324 1228 1354 1273 ιιι
1369 1219 1402 1274 de
1417 1227 1489 1274 terra
1501 1216 1608 1287 purgati
1624 1216 1717 1270 cordis
1727 1215 1828 1271 ceritas
1842 1217 1919 1271 oria·

281 1318 314 1373 sti
338 1330 509 1387 proponant,
538 1328 566 1373 et
589 1318 716 1389 nicanoris
739 1327 840 1372 terram
862 1314 964 1378 carnis,
989 1327 1070 1381 quarn
1124 1318 1254 1381 tanqua
1275 1299 1655 1369 doceatlaccrebonnmAEx
1673 1308 1919 1382 liistluobusper·

281 1410 371 1465 adbuc
389 1418 497 1479 gerunt,
511 1411 626 1479 pedibus
639 1408 822 1479 spiritualium
835 1406 980 1461 affectuum
1004 1420 1072 1459 con·
1123 1403 1215 1459 licitur
1235 1404 1379 1475 integritas
1401 1402 1530 1469 lustitirc,
1550 1418 1611 1472 quae
1636 1402 1707 1457 sicut
1735 1400 1838 1456 malum
1861 1416 1917 1463 nou

282 1500 433 1558 calcearet
448 1510 602 1568 conterant,
624 1503 715 1556 adbuc
731 1510 822 1555 tannen
840 1499 873 1555 de
889 1497 1071 1569 pulverecar·
1123 1495 1200 1563 lacit,
1220 1498 1260 1554 ita
1284 1496 1384 1551 bonum
1414 1497 1503 1553 lacere
1527 1510 1581 1549 nou
1600 1494 1710 1549 omittit.
1731 1491 1844 1549 ltrstitia
1869 1509 1918 1564 pa·

255 1625 259 1632 ·
282 1592 325 1652 nis
345 1592 428 1661 pedes
445 1593 615 1650 contrabant
638 1591 801 1647 allectionis.
816 1588 911 1645 Pulvis
927 1589 988 1654 iste,
1007 1586 1071 1643 dmn
1123 1602 1183 1642 rem
1198 1587 1313 1654 invenit,
1328 1587 1391 1655 quia
1415 1601 1472 1657 pax,
1483 1598 1585 1644 aeterna
1600 1596 1643 1642 est
1654 1584 1771 1657 justitiae
1791 1586 1917 1643 retriba-

282 1682 327 1746 iaic
341 1684 453 1750 vicitur,
481 1699 592 1753 semper
616 1684 801 1748 contrabitur,
823 1682 872 1737 sed
895 1680 1073 1746 nibilominus
1125 1680 1172 1738 tio,
1757 1726 1762 1735 ,

280 1789 390 1845 semper
404 1784 566 1833 cointraetns
579 1774 745 1843 detergitur,
760 1774 823 1828 dnm
838 1785 886 1844 per
901 1785 993 1827 veram
1006 1773 1072 1826 obe·
1158 1769 1239 1838 Nota,
1252 1771 1314 1841 quia
1336 1785 1396 1826 cnm
1421 1770 1614 1832 nrisericordia,
1633 1779 1661 1827 et
1676 1770 1778 1832 veritas
1801 1769 1857 1825 sibi
1872 1770 1917 1833 ob-

281 1868 411 1926 dientiarn
426 1871 481 1923 vita
498 1869 573 1939 prior
591 1866 798 1939 infatigabiliter
812 1874 967 1921 exercetur.
985 1862 1072 1931 Quam
1089 1841 1110 1897 Β
1125 1863 1209 1928 uiant,
1225 1863 1259 1918 de
1274 1862 1370 1921 osculo
1391 1862 1462 1924 nibil
1481 1863 1582 1917 dicitnr
1606 1859 1695 1930 (Perti.
1711 1861 1839 1933 axxrtv),
1862 1864 1918 1919 nisi

281 1973 348 2027 pura
365 1967 407 2022 est
421 1960 476 2023 vita
491 1959 548 2024 illa,
563 1969 590 2014 et
605 1974 687 2029 quarn
702 1959 782 2030 digne
800 1956 1000 2027 purillcationis
1024 1953 1073 2009 lto-
1123 1969 1187 2009 cum
1199 1955 1304 2023 lustitia
1321 1969 1416 2023 pacem
1432 1954 1545 2008 invenit.
1559 1953 1650 2021 Quare
1667 1953 1737 2009 boel
1753 1954 1815 2024 qnia
1840 1954 1919 2011 vide·

281 2052 385 2115 diurnae
408 2053 507 2114 testum
523 2052 589 2121 agit,
609 2068 670 2121 ortae
696 2051 790 2106 mnudi
814 2050 900 2104 lutum
928 2048 1072 2119 inquinans

281 2143 387 2211 abjicit,
404 2144 438 2199 de
454 2159 485 2199 se
497 2143 565 2197 nibil
579 2143 631 2200 sibi
650 2142 790 2211 relinquit,
807 2142 856 2197 sed
870 2155 900 2196 sc
915 2149 1001 2196 totana
1017 2140 1072 2195 beo

282 2234 448 2301 subiiciens,
468 2248 552 2288 orrrne
575 2234 646 2304 quod
665 2248 728 2289 caro
748 2241 799 2296 cst,
819 2242 910 2288 mente
930 2230 1072 2302 purilicata

283 2325 465 2390 transcendit,
481 2334 508 2379 et
522 2326 641 2395 propriae
656 2323 803 2379 voluntatis
816 2323 941 2378 devitans
958 2323 1071 2392 dispeu-

280 2414 337 2476 dia,
355 2413 444 2468 alieno
458 2428 488 2468 se
505 2415 619 2468 arbitrio
634 2414 667 2467 ad
679 2414 875 2484 acquirendam
892 2412 975 2473 antimi
990 2412 1072 2467 liber·

281 2514 366 2563 tatem
390 2507 547 2562 committit.
574 2504 668 2561 llirtns
683 2507 811 2561 nimirum
826 2505 987 2561 obedieutiae
1002 2505 1069 2561 fide·

280 2597 345 2661 liter
356 2606 384 2651 et
395 2607 608 2666 perseveranter
628 2599 764 2654 custodita
788 2596 954 2669 purilicabit,
967 2604 996 2653 et
1010 2612 1073 2665 pur-

280 2689 354 2763 gabit
371 2688 441 2759 illios
456 2688 523 2744 Levi
541 2688 740 2761 (Maioriani),
758 2700 787 2752 ut
802 2688 937 2752 Salvatori
953 2687 989 2743 ad
1006 2699 1073 2743 tcm-

280 2783 355 2853 ploru
377 2784 502 2853 vertienti
521 2782 634 2840 ebriare
653 2782 741 2837 idonei
757 2782 823 2845 sint,
840 2790 867 2836 et
882 2779 1072 2852 llypapantenr

281 2876 387 2941 Dourini
403 2875 552 2944 celebrare.
567 2874 634 2929 Nam
649 2875 827 2946 llypapante,
840 2873 866 2929 id
883 2881 926 2928 cst
940 2872 1071 2935 obviatio,

1126 2048 1188 2103 licet
1200 2048 1258 2121 98
1272 2050 1413 2106 declinare
1429 2064 1445 2106 a
1461 2048 1542 2113 malo,
1559 2059 1587 2104 et
1601 2049 1693 2105 lacere
1710 2050 1811 2113 bonum
1825 2050 1918 2118 (Pari.

1126 2144 1231 2211 utari),
1258 2142 1330 2211 quod
1357 2140 1553 2197 misericordiae
1575 2149 1603 2196 et
1625 2140 1749 2196 veritatis
1770 2152 1811 2196 est
1834 2157 1917 2211 opos,

1125 2233 1251 2291 laborem
1275 2235 1358 2291 babet
1384 2244 1411 2291 ct
1438 2246 1596 2299 certamem
1626 2232 1673 2288 sed
1703 2234 1778 2304 pacis
1802 2244 1919 2289 aeternae

1125 2328 1243 2397 quietem
1259 2330 1395 2399 accipere,
1416 2343 1477 2397 que
1501 2342 1549 2397 per
1568 2325 1691 2383 osculnm
1718 2324 1868 2389 indicatur,
1889 2332 1920 2381 et

1125 2420 1158 2472 ad
1169 2417 1283 2487 institiae
1296 2421 1438 2490 praemium
1460 2419 1590 2490 pertinet,
1606 2434 1715 2474 omnem
1736 2416 1859 2473 excludit
1875 2418 1918 2473 ia·

1125 2509 1228 2567 bouem.
1245 2509 1320 2566 Trrnc
1336 2512 1409 2566 enim
1434 2520 1463 2566 nt
1477 2513 1609 2582 scriptum
1631 2519 1674 2566 est
1689 2524 1697 2563 a
1713 2529 1723 2562 ι
1742 2510 1802 2565 Lna
1826 2510 1919 2563 oritur

1122 2600 1207 2669 justo,
1222 2613 1250 2658 et
1266 2613 1341 2659 recto
1359 2603 1442 2658 corde
1456 2602 1550 2659 laetitia
1565 2600 1654 2673 (Psoi.
1672 2602 1756 2673 ιιιι).
1775 2601 1854 2656 Tarne
1869 2604 1919 2656 ab·

1124 2694 1221 2765 stergit
1237 2694 1308 2751 bens
1322 2711 1430 2751 omnem
1443 2695 1593 2766 lacrymam
1606 2695 1639 2750 ab
1652 2694 1739 2750 oculis
1752 2704 1917 2749 sanctornm

1125 2792 1154 2838 et
1170 2798 1243 2841 mors
1265 2800 1318 2840 non
1342 2785 1396 2842 crit
1421 2785 1538 2853 amplius
1557 2784 1652 2854 (Aper.
1670 2786 1729 2852 ιιι).
1752 2805 1763 2837 ι
1792 2783 1874 2838 Tunc
1895 2786 1918 2838 si

1124 2875 1297 2946 precesserit
1307 2877 1334 2931 in
1346 2878 1426 2933 nobis
1439 2877 1592 2947 purificatio
1604 2877 1733 2932 vitiorum
1743 2884 1772 2931 et
1783 2877 1918 2934 virtutum

282 2969 342 3023 baec
356 2968 510 3035 ⁸celebritas
531 2966 696 3036 appellatur.
723 2964 808 3021 llodic
831 2966 903 3021 errim
926 2981 988 3021 cnm
1006 2980 1073 3035 pne·
1124 2965 1256 3033 obviatio,
1284 2968 1338 3023 erit
1359 2968 1437 3023 nobis
1463 2967 1594 3023 revelatio
1618 2966 1782 3039 sempiterni
1802 2966 1918 3021 luminis

282 3071 344 3111 rum
356 3054 448 3112 lesum
460 3066 589 3125 parentes
605 3056 665 3126 ejus
678 3056 712 3110 ad
727 3055 855 3126 templum
874 3056 1024 3122 deterrent,
1043 3066 1073 3111 ut
1125 3067 1151 3110 et
1165 3056 1250 3127 gloria
1267 3057 1450 3120 interminatae
1464 3059 1574 3128 quietis.

283 3146 425 3214 oberrent,
449 3149 575 3219 leguntur
590 3147 681 3220 96ιί
706 3146 793 3203 sancti
816 3160 895 3204 senes
917 3133 1106 3249 Sitneon'etc
1161 3149 1279 3220 llicjam
1296 3151 1407 3207 venitin
1421 3152 1551 3206 memoria
1571 3151 1649 3207 tertia
1672 3152 1820 3237 appellatio
1835 3151 1919 3220 liujus

282 3238 372 3306 brana,
397 3241 550 3312 praemoniti
575 3256 596 3304 a
618 3240 722 3311 Spiritu
746 3249 858 3306 sancto,
886 3242 1025 3308 obviasse,
1044 3254 1071 3298 et
1127 3242 1283 3298 [estivitatis
1297 3259 1357 3314 quae
1369 3246 1451 3299 etiarn
1464 3258 1479 3297 a
1492 3244 1572 3315 arrigo
1588 3245 1690 3299 dicitur
1702 3243 1920 3301 restiturum·

281 3335 424 3402 omatibus,
446 3334 493 3406 qui
508 3334 707 3404 exspectabant
729 3335 943 3403 redemptionem
960 3332 1073 3391 lerusa·
1125 3331 1257 3387 delorem.
1274 3332 1348 3387 lllarn
1368 3332 1700 3402 qttippceasnltationern,
1721 3347 1803 3402 quam
1828 3348 1920 3388 inere

283 3423 347 3489 lem,
360 3424 449 3494 ipsum
463 3438 535 3490 esse,
552 3425 693 3494 querulas
709 3433 736 3481 et
752 3424 890 3495 propbeta
902 3423 1073 3483 salvatorem
1127 3434 1171 3479 tur
1191 3425 1282 3480 cordis
1305 3425 1470 3496 purificatio,
1484 3424 1518 3479 ad
1538 3438 1618 3488 auam
1642 3424 1730 3479 tendit
1756 3427 1919 3497 praescripta

280 3515 471 3584 praemiserunt
493 3516 695 3587 prophetizasse
710 3516 788 3588 (bar.
802 3518 845 3587 n),
870 3518 903 3573 Et
928 3519 986 3575 baec
1005 3535 1074 3574 non·
1127 3518 1258 3573 rirtutnm
1283 3517 1414 3583 obviatio,
1427 3518 1528 3571 ardens
1551 3515 1664 3571 candela
1688 3517 1823 3588 designat.
1847 3520 1920 3586 Qrtia

282 3606 359 3663 uulla
375 3608 455 3676 ratio,
482 3623 532 3664 cnr
555 3609 636 3680 bajus
661 3609 715 3665 diei
741 3610 900 3667 solemnitas
914 3609 1074 3683 llypapante
1125 3608 1177 3663 etsi
1194 3608 1284 3662 lumen
1299 3623 1393 3663 rernm
1406 3608 1434 3662 in
1453 3622 1515 3662 cera
1539 3607 1667 3679 uirgineae
1694 3609 1786 3664 carnis
1799 3611 1919 3667 abscon·

281 3711 409 3756 vocetur.
426 3701 562 3757 Caeterum
579 3701 905 3773 recommemorent
921 3718 978 3759 sea
995 3704 1075 3759 ritio-
1126 3698 1226 3764 illlum,
1241 3702 1313 3768 qood
1329 3707 1357 3755 ct
1379 3697 1490 3754 Simeon
1512 3698 1592 3754 bodie
1608 3701 1634 3753 in
1654 3699 1781 3756 mnnilms
1806 3714 1919 3772 gestare

282 3802 343 3842 rum
357 3790 520 3860 contagione
536 3790 681 3859 purificat,
693 3801 721 3846 ct
736 3806 859 3863 corrgrno
873 3793 971 3849 ordine
986 3794 1013 3848 in
1030 3809 1073 3850 so·
1126 3792 1236 3858 meruit,
1252 3799 1430 3861 repraesentat
1444 3789 1521 3862 (lac.
1547 3795 1595 3860 ιι);
1619 3791 1799 3848 nibilominus
1823 3803 1917 3848 tamen

282 3882 422 3940 lemnitate
446 3885 539 3941 cordis
562 3885 681 3941 studium
706 3886 905 3957 purificationis
936 3889 1075 3944 antevenit
1125 3882 1189 3936 vilae
1217 3883 1338 3939 coelestis
1359 3882 1505 3951 puritatem
1532 3890 1559 3937 et
1585 3881 1784 3949 jucunditatem
1817 3882 1920 3941 suturae

282 3970 1919 4042 mmmmmmmmmmmwmmmmmmmmwfflmwmmww

282 4066 394 4122 obviam
407 4068 485 4136 varta,
502 4083 553 4123 nec
566 4083 719 4139 congruere
731 4077 821 4140 potest
836 4071 981 4141 tinpmnas
996 4074 1074 4142 purt-
1126 4063 1242 4135 agerat,
1254 4063 1282 4117 Ιιι
1307 4079 1387 4119 careo
1412 4064 1596 4119 accensorias
1620 4074 1762 4135 apparent,
1781 4081 1844 4135 uua
1863 4077 1920 4120 tres

282 4159 342 4216 tatii.
367 4160 526 4216 ructtcauo
541 4163 642 4233 qrtippe
661 4171 738 4219 veste
755 4163 869 4233 nuptiali
887 4164 974 4218 induit
988 4175 1015 4219 et
1031 4165 1073 4219 in-
1127 4156 1297 4212 substantias
1311 4157 1338 4210 in
1358 4157 1466 4212 Christo
1479 4157 1534 4227 99
1557 4154 1755 4212 demonstrant.
1778 4158 1849 4213 Cera
1871 4159 1920 4214 de·

282 4260 365 4308 novat
389 4255 522 4319 animam,
548 4270 630 4325 quant
647 4264 675 4310 ct
689 4256 776 4310 llnnae
798 4256 906 4325 religio,
932 4265 959 4311 ct
985 4257 1074 4325 pietas
1126 4248 1214 4319 signat
1226 4263 1337 4310 carnem
1352 4251 1503 4316 dracmam,
1517 4249 1632 4320 lichnus
1644 4265 1707 4305 cm
1719 4250 1916 4315 circumdatus,

279 4342 347 4413 justi
362 4342 501 4397 Simeonis
515 4346 702 4400 cornmendat.
720 4347 801 4402 Certe
816 4361 879 4400 cum
898 4343 1023 4400 Christus
1039 4348 1075 4400 sit
1126 4340 1244 4404 aninum
1262 4341 1290 4396 bt
1307 4357 1390 4405 cartre
1418 4341 1566 4407 interuentu
1582 4343 1653 4413 ignis
1678 4344 1705 4399 in
1723 4353 1841 4415 utroque
1857 4348 1920 4410 nni·

283 4447 335 4502 pax
348 4442 376 4487 et
388 4436 500 4500 veritas,
516 4434 539 4489 si
555 4434 589 4489 de
605 4434 665 4502 eius
687 4435 775 4506 gratia
801 4437 845 4507 pie
864 4443 893 4489 et
913 4434 988 4504 juste
1007 4435 1075 4491 vivi-
1127 4443 1182 4489 taru
1201 4434 1278 4490 carni
1292 4442 1320 4488 et
1346 4434 1443 4498 arriruae
1460 4433 1540 4490 Verbi
1566 4448 1705 4493 naturam.
1722 4438 1786 4495 leri
1805 4440 1919 4510 quidem

282 4539 355 4592 mus,
374 4525 503 4597 impletur
522 4527 548 4581 in
565 4527 643 4584 nobis
663 4527 737 4585 illins
752 4528 918 4585 obviationis
936 4529 1074 4586 lestiritas
1090 4542 1113 4601 ι)
1128 4524 1207 4594 nujus
1222 4524 1333 4581 innuitis
1349 4526 1459 4582 Simeon
1477 4526 1584 4596 bajulus
1605 4544 1666 4586 esse
1682 4532 1852 4598 detulisset!
1867 4549 1919 4604 pn·

284 4620 318 4673 de
338 4634 390 4690 qna
414 4619 559 4676 Psalmista
579 4620 668 4677 dicit:
696 4639 706 4673 ι
727 4621 913 4679 blisericordia
929 4631 957 4680 et
970 4623 1072 4678 veritas

283 4711 463 4768 obviaverunt
472 4712 539 4780 sibi;
552 4713 658 4781 justitia
674 4723 702 4769 et
713 4727 764 4784 pax
773 4713 902 4768 osculatae
913 4713 1072 4783 snrtttl’tol.

281 4805 419 4877 attriti.»
431 4804 618 4862 llisericordia
631 4807 725 4861 obriat
739 4805 859 4870 reritati,
868 4805 978 4875 qnando
990 4805 1075 4861 tideli-

284 4902 324 4948 ter
335 4896 429 4964 implet
438 4907 613 4967 praeceptum
624 4906 651 4952 et
658 4896 763 4967 justitia
777 4899 848 4967 paci,
856 4896 966 4966 qnando
977 4896 1075 4965 recipit

284 4994 344 5055 post
366 4987 494 5055 praecepti
518 4987 641 5045 laborem
664 4990 741 5061 pacis
764 5000 876 5047 artemae
897 4992 1072 5062 promissum.

283 5078 353 5135 ilinc
379 5088 421 5134 est
453 5080 524 5149 qnod
550 5095 632 5136 senex
663 5086 715 5140 iste
742 5095 855 5141 sanctus
884 5085 1019 5153 Simeon,
1046 5085 1073 5142 in

283 5187 339 5243 qno
372 5172 563 5228 misericordia
603 5183 632 5229 et
661 5176 767 5244 justitia
808 5178 1007 5245 inveniuntur,
1045 5180 1072 5234 in

281 5263 337 5335 97
347 5263 457 5320 Clrristo
481 5264 636 5326 veritatem,
658 5272 686 5319 et
700 5279 796 5334 pacem
820 5267 956 5333 invenire,
975 5276 1070 5323 tenere

282 5367 311 5412 et
338 5359 456 5414 osculari
490 5364 622 5415 merctur.
647 5355 725 5429 Unde
748 5359 902 5426 exclamat,
930 5371 958 5416 et
986 5361 1072 5416 dicit:

286 5467 298 5504 ι
315 5447 393 5506 lintre
408 5451 524 5508 dimittis
545 5466 654 5509 servum
673 5460 760 5519 tunm,
776 5450 901 5520 bomine,
923 5452 1073 5509 secundnm

285 5541 404 5598 Verbum
418 5551 494 5599 tunm
507 5543 533 5598 in
547 5559 615 5615 pace
630 5543 707 5615 (bac.
722 5544 765 5614 ιι).
781 5563 792 5598 ι
809 5543 914 5614 Primo,
925 5552 956 5601 ot
972 5544 1073 5601 dictum

286 5639 340 5698 est,
360 5633 465 5688 invenit
488 5633 676 5692 misericordia
698 5637 935 5705 veritatemque
957 5651 1019 5692 curn
1044 5652 1075 5693 se

288 5722 445 5783 invenerint
460 5727 486 5783 in
505 5728 587 5784 corde
598 5729 727 5795 bominis,
740 5748 750 5782 ι
762 5729 897 5792 universe
908 5729 1009 5801 quippe
1025 5731 1075 5787 riae

290 5812 397 5874 bomini
408 5818 594 5878 misericordia
612 5830 639 5880 ct
653 5821 754 5882 veritas
770 5812 857 5894 (ibai.
875 5824 961 5895 xxiv),
981 5843 992 5880 ι
1010 5836 1074 5883 tnnc

1127 4616 1286 4673 uibrarerat
1312 4632 1373 4672 eum
1405 4621 1519 4675 turturis
1553 4630 1581 4678 rt
1607 4623 1739 4679 coluntbaa
1766 4625 1917 4694 spiritualis

1125 4707 1236 4775 oblatio,
1250 4718 1277 4765 et
1292 4710 1318 4764 in
1336 4711 1436 4781 templo
1450 4711 1501 4782 piac
1516 4714 1613 4768 nterrtis
1629 4716 1687 4787 ejus
1700 4715 1815 4772 celebris
1828 4720 1917 4773 virtu·

1127 4809 1183 4864 tunt
1208 4801 1330 4858 obviatio
1351 4802 1560 4859 solemnizabat.
1580 4804 1639 4876 lpse
1654 4815 1744 4862 turtur
1764 4808 1791 4862 in
1814 4823 1916 4876 carne,

1126 4894 1185 4964 ipse
1199 4895 1325 4950 columba
1338 4896 1366 4956 io
1383 4896 1492 4966 spiritu.
1508 4896 1542 4953 Et
1559 4900 1626 4970 qnia
1649 4900 1701 4955 bas
1720 4901 1831 4962 virtutis
1853 4917 1918 4958 arcs

1125 5003 1177 5057 pro
1191 4988 1336 5058 adeptione
1351 4991 1425 5061 agni,
1441 4991 1540 5062 Agnus,
1556 4994 1613 5063 ipse
1627 5003 1735 5061 ruente,
1747 4997 1814 5052 licet
1833 5011 1918 5053 anno·

1125 5094 1174 5137 sus
1188 5090 1270 5144 etate
1284 5082 1440 5152 obtulerat,
1461 5087 1528 5146 idco¹
1547 5095 1691 5155 acceperat
1714 5102 1875 5157 responsum
1902 5105 1917 5142 a

1126 5173 1232 5245 Spiritu
1246 5187 1355 5244 sancto,
1374 5191 1404 5233 se
1427 5191 1481 5233 noti
1508 5176 1628 5253 pisorum
1653 5180 1750 5237 mortis
1776 5178 1916 5245 tenebras,

1127 5267 1333 5325 donecvidcret
1357 5268 1655 5340 inmensurabile).
1682 5269 1791 5327 Utinam
1818 5280 1917 5325 aestuet

1125 5359 1216 5415 anima
1236 5375 1296 5417 mea
1318 5360 1453 5418 desiderio
1468 5359 1615 5427 Simeonis,
1632 5369 1662 5415 ut
1673 5375 1854 5435 mercaresse
1869 5363 1919 5417 ba·

1123 5455 1198 5527 inlus
1214 5464 1296 5511 tautae
1315 5455 1394 5511 lucis.
1416 5453 1470 5511 Sed
1496 5463 1580 5520 certe,
1598 5463 1626 5510 ιιι
1649 5469 1720 5527 sepe
1743 5457 1918 5522 dictumest,

1128 5547 1180 5604 nisi
1207 5547 1284 5618 prius
1298 5546 1442 5618 purificata
1459 5561 1536 5602 meus
1558 5547 1639 5602 inerit
1655 5564 1670 5603 a
1688 5549 1773 5614 vitiis,
1793 5560 1822 5604 ut
1842 5560 1919 5621 post·

1128 5641 1238 5698 ruoilum
1259 5642 1294 5696 de
1313 5640 1440 5697 claustris
1462 5644 1555 5698 caruis
1580 5643 1678 5713 pennis
1700 5644 1831 5699 uirtutum
1855 5660 1920 5704 ero·

1127 5734 1200 5799 laras,
1215 5750 1226 5787 ι
1247 5732 1355 5790 obviam
1370 5732 1479 5792 cbristo
1491 5735 1518 5790 in
1532 5749 1596 5790 aera
1615 5733 1641 5806 (l
1657 5733 1746 5791 Thess.
1761 5736 1798 5805 ιι)
1818 5755 1827 5788 ι
1845 5752 1918 5791 reue

1128 5825 1262 5886 libertatis
1287 5828 1434 5900 procedat;
1458 5843 1509 5886 nec
1534 5844 1594 5886 com
1617 5827 1745 5885 Simeonc
1766 5844 1830 5885 vcra
1856 5830 1918 5886 lnce
