4425 6450
288 389 325 445 ts
695 389 891 448 SERUOUES.
910 390 954 433 -'
968 392 1071 451 ssittt.
1092 392 1148 451 vit.
1163 391 1198 451 til
1216 393 1343 450 Nn'del
1364 392 1492 450 botttiit.
1892 395 1927 451 50

288 506 397 561 nmirum
417 516 445 561 et
463 505 565 576 eligere
585 509 695 563 bouum.
718 506 771 563 Sed
792 506 866 576 quod
887 508 1193 578 consequentiasque
1213 508 1311 587 populo
1327 506 1450 563 claristus
1466 506 1614 563 seeundum
1635 506 1782 561 humanam
1801 514 1927 561 naturam

292 598 399 674 babere
411 598 529 664 sirletur,
544 609 572 653 ut
589 598 611 653 si
627 599 754 669 butyrum
769 606 798 653 et
810 597 862 654 mel
874 600 1011 664 comedat,
1026 599 1087 654 ideo
1142 599 1283 655 descendit
1299 598 1387 654 factus
1404 598 1472 667 lapis
1492 596 1642 671 augularis,
1664 596 1710 667 qui
1729 595 1794 651 fecit
1813 606 1929 668 atraque

288 692 361 745 sciat
374 689 525 759 reprobare
537 690 636 743 malum
651 698 678 744 et
689 688 792 759 eligere
802 688 922 745 διηιιιιιῖ
933 688 1011 757 Quod
1024 689 1084 744 ideo
1143 707 1237 755 arnum,
1254 691 1363 747 solvens
1382 690 1501 745 medium
1521 689 1653 759 parietem
1675 687 1879 743 inimicitiarum
1901 688 1928 742 1ιι

288 782 395 836 dictatu
410 782 542 851 intellige,
558 783 635 853 quia,
645 783 724 853 juxta
740 780 903 846 senteutiam
919 778 1085 852 pbilosoplri,
1141 797 1225 838 carne
1239 798 1288 838 sua
1305 781 1413 853 (Epiros.
1424 782 1467 852 ιι).
1483 780 1576 856 Neque
1587 780 1659 835 euim
1674 787 1764 834 temen
1778 778 1929 833 desemine

288 860 363 927 idem
380 874 764 942 estseususcoutrarlornm,
781 874 865 929 idest
882 888 915 929 eo
933 888 1014 929 seusu
1032 887 1087 941 quo
1141 875 1226 930 Dauid
1245 872 1387 930 descendit
1414 873 1565 929 seeundum
1591 871 1852 943 repromissionem,
1881 869 1929 925 sed

288 980 375 1019 ιιιιιιιιι
397 966 603 1020 cornutorum
625 966 793 1022 discernitur
809 975 838 1023 et
854 965 998 1036 reliquum,
1018 973 1048 1017 ιιι
1063 962 1085 1019 si
1137 966 1221 1020 etiam
1240 966 1339 1022 missus
1359 972 1401 1020 est
1415 964 1449 1020 de
1465 972 1540 1034 petra
1556 964 1656 1020 deserti
1674 965 1708 1019 ad
1727 973 1847 1020 montem
1868 962 1930 1016 falic

288 1066 365 1114 tactu
376 1072 476 1125 snare,
489 1068 564 1130 tactu
576 1069 604 1115 et
615 1075 741 1129 asperum
753 1078 761 1115 a
771 1058 794 1113 si
809 1067 888 1129 gustu
904 1057 993 1123 ιΙιιΙιι,
1005 1064 1085 1127 gustu
1138 1054 1216 1114 Sion.
1231 1058 1268 1111 De
1284 1068 1361 1127 petra
1375 1055 1490 1121 deserti,
1504 1056 1583 1110 idest
1598 1056 1632 1110 de
1646 1054 1752 1110 duricia
1766 1062 1794 1109 ιι
1811 1053 1929 1109 infideli-

285 1159 316 1204 et
336 1163 462 1204 amarum
479 1150 656 1206 discernitur.
679 1148 809 1218 Butyrum
826 1157 917 1203 autem
934 1162 1017 1202 suave
1032 1156 1084 1212 cst,
1138 1158 1193 1203 tate
1206 1148 1377 1216 gentilitatis.
1398 1146 1436 1202 [le
1451 1148 1493 1202 bis
1509 1146 1637 1202 uberibus
1654 1145 1683 1202 in
1707 1145 1828 1201 canticis
1847 1159 1929 1213 spon·

287 1244 335 1295 cul
350 1241 499 1310 opponitur
516 1256 664 1312 asperum:
681 1240 734 1298 mel
747 1242 835 1305 dulce,
852 1240 895 1295 cui
915 1241 1084 1295 contrarium
1137 1255 1184 1295 sus
1203 1239 1237 1294 ad
1259 1254 1385 1310 sponsam
1407 1240 1529 1310 loquitur
1551 1238 1645 1294 diceus
1661 1254 1669 1293 a
1684 1236 1744 1292 fluo
1766 1237 1849 1292 ubera
1871 1246 1928 1299 trra.

286 1342 333 1386 est
357 1346 496 1389 amarum.
518 1332 591 1405 Ergo
610 1331 771 1389 Ernrnaunel
793 1339 886 1386 noster
909 1330 1035 1402 butyrum
1057 1339 1086 1385 et
1136 1332 1208 1387 sicut
1225 1332 1278 1388 dno
1298 1332 1406 1388 liiuuuli
1423 1346 1528 1402 capreae
1544 1330 1664 1401 gemelli,
1676 1331 1723 1402 qui
1736 1337 1886 1402 pascuntur
1900 1329 1928 1383 iu

284 1421 600 1488 mercamentum
625 1423 668 1477 uis
688 1420 838 1492 appetendo
858 1433 941 1475 suave
958 1427 985 1473 et
1005 1417 1085 1473 dulce
1137 1424 1203 1480 titiis
1228 1426 1316 1480 oouec
1344 1424 1448 1494 aspiret
1473 1424 1550 1489 aies,
1578 1430 1607 1477 ιι
1630 1422 1797 1478 inclinentur
1823 1422 1929 1477 ιιιιιιιιι

284 1513 360 1568 sciat
370 1510 471 1584 eligere
483 1512 595 1581 bouum,
615 1514 831 1582 eorumdemque
844 1509 1084 1578 sensuumjrutioio
1135 1513 1224 1585 (Cant.
1238 1517 1279 1587 u).
1299 1516 1337 1571 lie
1350 1517 1433 1570 ubere
1447 1514 1530 1569 etiam
1549 1513 1709 1585 synagogas,
1725 1512 1752 1567 iu
1768 1513 1827 1583 lege
1843 1511 1929 1584 bfoysi

284 1592 400 1683 «lamnas
419 1618 550 1672 asperum
572 1610 601 1658 ct
625 1617 761 1669 omarum,
778 1603 849 1672 quod
874 1611 916 1656 est
938 1603 1084 1669 reprobare
1135 1607 1267 1676 scriptum
1287 1616 1329 1663 est
1344 1625 1351 1662 :
1368 1607 1455 1662 Pecus
1474 1622 1537 1662 cuna
1561 1607 1680 1677 genitum
1704 1604 1802 1666 fuerit,
1823 1613 1928 1673 septem

284 1693 404 1762 malum.
419 1693 491 1763 Quia
505 1703 597 1750 umen
612 1693 799 1749 Emmanuelis
813 1695 898 1748 nostri
915 1693 992 1748 cibus
1004 1693 1084 1762 spiri·
1135 1698 1232 1754 diebus
1250 1699 1303 1754 erit
1320 1701 1371 1755 sub
1387 1700 1471 1754 ubere
1488 1698 1594 1761 matris,
1612 1699 1645 1753 ab
1662 1705 1760 1752 octavo
1778 1706 1868 1751 autem
1885 1694 1928 1749 die

284 1786 350 1843 talis
374 1796 428 1854 est,
453 1788 597 1843 videamus
617 1788 684 1858 quid
710 1788 868 1859 significent
892 1788 942 1842 ista
969 1786 1081 1851 fercula,
1135 1802 1162 1847 et
1174 1792 1304 1861 deinceps
1317 1792 1418 1862 poterit
1432 1790 1524 1847 offerri
1542 1791 1656 1846 Domino
1671 1779 1765 1857 (lecit.
1779 1789 1858 1859 xxti).
1877 1786 1928 1843 Ubi

282 1898 403 1954 quorum
420 1883 549 1952 alterum,
569 1885 595 1940 iit
614 1895 657 1941 est
673 1885 814 1957 butyrum,
831 1886 864 1938 de
880 1886 1020 1951 uberibus,
1038 1902 1082 1941 re·
1135 1898 1185 1955 per
1202 1891 1308 1953 septem
1326 1883 1396 1950 dies,
1414 1883 1470 1936 vita
1492 1880 1622 1947 carnalis,
1641 1896 1690 1952 per
1703 1888 1828 1936 octavum
1844 1879 1928 1944 diem,

283 1974 402 2044 liquam,
417 1974 511 2041 idest,
526 1974 590 2040 roei,
606 1975 641 2031 de
659 1975 773 2029 floribus
788 1975 909 2030 elicitur.
929 1975 1005 2031 Sicut
1018 1990 1083 2046 ergo
1135 1978 1189 2031 vita
1211 1973 1342 2047 spiritalis
1363 1974 1529 2044 designatur.
1564 1971 1624 2027 Filii
1657 1973 1758 2028 etenim
1779 1970 1929 2042 Syoagogat

282 2068 311 2122 iu
329 2065 413 2121 melle
426 2064 528 2121 Claristi
541 2067 683 2132 diviuitas,
699 2067 736 2123 ita
752 2075 779 2123 et
799 2067 826 2121 in
843 2068 941 2139 butyro
955 2068 1014 2139 ejus
1029 2068 1082 2123 ltu·
1134 2066 1255 2137 quandiu
1283 2065 1442 2121 carnalibus
1471 2064 1629 2120 serviebant
1658 2062 1830 2127 cerimoniis,
1865 2069 1929 2114 tan·

283 2159 577 2231 uuaruitassiguidcata
592 2170 646 2215 ost.
664 2160 830 2232 Utcongrua
844 2160 970 2215 fortassis
984 2159 1082 2214 simili·
1134 2172 1217 2227 qnam
1244 2157 1350 2227 parvuli
1374 2166 1454 2212 eraut
1476 2156 1528 2212 sub
1552 2157 1635 2212 ubere
1659 2168 1817 2226 synagogae,
1841 2152 1928 2207 ‹louee

283 2257 391 2321 tudine,
403 2271 451 2326 per
465 2256 594 2326 butyrum
609 2252 726 2308 latrmaua
740 2261 835 2308 natura
849 2253 876 2307 iu
890 2251 998 2308 Christo
1015 2252 1083 2322 figu-
1134 2249 1259 2304 Christus
1270 2250 1297 2303 1ιι
1311 2264 1395 2304 carne
1404 2262 1549 2318 apparens,
1559 2246 1624 2302 fecit
1635 2244 1801 2301 sacrificium
1813 2243 1931 2298 Uorrtiuo

283 2359 375 2403 ratrrr.
392 2348 440 2402 Est
457 2346 531 2402 euim
550 2345 678 2415 butyrum
694 2344 803 2414 pingue,
816 2359 910 2410 suave,
929 2343 1083 2413 liquefacti·
1134 2356 1182 2409 pcr
1195 2341 1259 2395 uitae
1274 2342 1408 2411 spiritalis
1422 2341 1580 2395 novitatem.
1595 2338 1675 2394 Unde
1686 2347 1714 2393 et
1727 2336 1828 2392 Paulus
1843 2336 1925 2392 dicit:

283 2455 369 2493 ruriam
385 2449 414 2494 et
426 2438 603 2493 nutritivum.
621 2437 761 2508 Pinguedo
777 2438 869 2507 itaque
890 2436 980 2507 butyri
999 2435 1084 2490 refer·
1133 2433 1281 2502 Postquam
1298 2432 1401 2504 placuit
1420 2433 1444 2489 ei
1461 2431 1508 2503 qui
1522 2446 1565 2488 me
1579 2431 1733 2503 segregavit
1749 2431 1783 2485 ab
1796 2438 1885 2494 utero,
1900 2438 1930 2483 et

283 2540 329 2584 tur
344 2530 380 2583 ad
397 2530 558 2601 mysterium
574 2528 774 2597 conceptionis,
788 2530 912 2583 suavitas
926 2528 960 2582 ad
978 2524 1083 2580 bumili-
1133 2527 1241 2581 vocavit
1252 2540 1300 2596 per
1311 2526 1428 2595 gratiam
1441 2540 1532 2590 suam,
1545 2533 1574 2578 ut
1587 2522 1720 2577 revelaret
1736 2521 1763 2576 ia
1776 2536 1819 2575 me
1829 2520 1927 2575 Filium

283 2630 373 2674 tateru
410 2619 578 2684 uruivitatis,
616 2616 775 2689 liquefactio
809 2618 842 2671 ad
875 2617 1081 2671 autaritudinem
1133 2631 1230 2680 ιιιιιιιι,
1258 2617 1387 2671 continuo
1417 2631 1470 2671 uon
1496 2614 1621 2685 acquievi
1647 2614 1722 2668 carnii
1749 2620 1777 2668 et
1801 2613 1928 2684 sanguini

283 2711 433 2783 passionis,
447 2708 561 2765 refectio
572 2710 605 2765 ad
617 2718 792 2766 sacramenta
808 2720 908 2765 nostrae
921 2709 1084 2778 redemptio·
1133 2707 1235 2779 (Galat.
1248 2708 1282 2777 ι).
1299 2707 1337 2762 Ue
1349 2708 1392 2762 liis
1407 2707 1538 2762 uberibus
1551 2720 1604 2761 uon
1623 2706 1710 2761 solum
1725 2707 1865 2777 butyrum,
1879 2706 1927 2760 sed

283 2804 339 2861 uis.
357 2803 453 2858 fionne
469 2803 497 2857 iu
514 2802 692 2873 conceptione
705 2802 852 2871 quamdam
866 2803 955 2873 butyri
971 2802 1083 2872 pingue·
1133 2808 1160 2851 et
1178 2798 1289 2868 sanguis
1303 2810 1452 2866 expressus
1465 2807 1516 2852 est.
1532 2796 1599 2850 fiam
1612 2797 1683 2851 sieut
1699 2796 1765 2851 dicit
1777 2795 1926 2851 Salomon:

283 2897 379 2953 dinem
390 2894 519 2951 Christus
530 2894 612 2949 borno
625 2895 734 2949 videtur
750 2894 799 2948 tibi
812 2897 1082 2964 accepisse,quaudo
1133 2889 1184 2955 Qui
1200 2888 1310 2943 similer
1327 2889 1427 2959 premit
1439 2890 1521 2943 “beli
1537 2890 1571 2942 id
1586 2888 1749 2943 elidendum
1767 2888 1820 2953 ¹²0·
1836 2885 1928 2957 expri-

283 2989 416 3043 ructione
429 2986 629 3042 citarismamm
649 2998 748 3042 uocaus
766 2996 807 3041 est
826 3001 882 3056 pra
902 2988 1081 3060 participibus
1133 2981 1182 3035 urit
1196 2980 1336 3051 butyrum,
1350 2992 1377 3036 ct
1392 2981 1438 3051 qui
1455 2981 1536 3035 nuituis
1554 2982 1687 3052 strangu,
1703 2980 1862 3052 sanguinem
1877 2979 1927 3035 eti-

283 3080 354 3142 suis,
368 3079 478 3150 quando
491 3080 592 3135 vitulus
604 3079 649 3134 ille
669 3080 809 3149 saginatus
826 3080 853 3135 in
869 3089 947 3135 rutero
960 3079 1080 3152 i'irgiuis
1131 3073 1170 3126 fil
1180 3069 1273 3141 (Pm-
1283 3076 1361 3140 χ11)·
1379 3071 1496 3148 siusuli,
1508 3073 1560 3127 ³³¹0
1586 3073 1693 3128 curanti
1706 3072 1926 3130 fu0l¹1¹¹¹C¹¹fiili

283 3177 326 3224 est
351 3176 533 3239 praeparatus,
551 3177 580 3223 ut
602 3167 657 3224 flfio
683 3167 797 3240 prodigo
817 3169 941 3224 redeunti
959 3170 993 3224 de
1008 3180 1080 3227 terra
1094 3171 1117 3234 c
1132 3174 1328 3237 persecutores,
1338 3164 1778 3236 quidixoruut:lusidieruurejus
1787 3167 1925 3237 sanguini,

286 3261 521 3317 dissimilitudinis
544 3262 645 3333 pingue
667 3262 823 3317 convivium
847 3261 1029 3328 instauraret,
1051 3272 1080 3318 ιι
1130 3257 1328 3313 abscondamus
1338 3258 1748 3324 tendiculascoutraiosontem,¹
1757 3259 1861 3314 frustra
1880 3259 1927 3315 de·

283 3372 372 3426 unqua
389 3356 459 3411 adeo
477 3356 586 3427 pingue,
603 3365 632 3413 ut
648 3371 743 3413 omnes
757 3357 860 3413 electos
878 3357 911 3411 ad
932 3356 996 3413 illud
1014 3372 1081 3412 con.
1131 3350 1279 3421 glutiamus
1292 3366 1354 3407 euru
1373 3351 1718 3420 sieutinferttusviveutem
1731 3350 1823 3424 (Pron.
1837 3356 1876 3420 tl:
1892 3352 1927 3408 ad

283 3450 389 3504 virium
404 3450 533 3506 invitatos
552 3465 601 3505 gua
622 3450 786 3522 pinguedine
804 3450 961 3519 saginaret?
982 3450 1080 3505 Spari-
1132 3441 1257 3496 ultimum
1273 3441 1417 3498 vociferati
1434 3454 1517 3499 Silili:
1533 3443 1719 3516 sanguisejus
1738 3459 1883 3514 supernos
1900 3455 1929 3500 ei

284 3549 371 3595 tatem
383 3540 467 3596 etiarn
480 3539 560 3609 bajus
574 3539 664 3612 butyri
681 3541 825 3596 advertere
840 3542 951 3611 poteris.
965 3541 988 3596 si
1005 3555 1080 3596 reoo·
1131 3549 1214 3603 super
1230 3536 1300 3592 filios
1317 3545 1426 3592 nostros
1440 3536 1549 3608 (Marti.
1565 3539 1663 3597 xrvul.
1681 3537 1759 3593 Unde
1776 3546 1804 3592 ιι
1820 3538 1852 3592 de
1868 3552 1927 3592 sao·

284 3632 356 3703 gives
368 3632 551 3686 bumilitatem
563 3632 725 3699 nativitatis,
738 3634 865 3702 praesepis
885 3632 1077 3696 diversorium,

284 3736 441 3792 pannorum
462 3719 613 3788 vilitatem,
634 3731 740 3791 pastum
764 3721 942 3789 natiliereuiae,
960 3731 988 3778 ιι
1008 3722 1079 3792 qnod

285 3815 399 3869 demum
414 3814 450 3879 is,
470 3813 516 3883 qni
538 3822 580 3869 est
602 3814 792 3883 superomnia
816 3815 888 3869 fleus
908 3815 1079 3882 benedictus,

284 3915 348 3965 erat
369 3905 494 3963 subditus
514 3906 566 3962 illi.
589 3905 611 3963 0
633 3906 789 3961 necessaria
811 3907 947 3972 suavitas,
971 3921 1032 3974 quac
1053 3914 1081 3961 et

285 3997 440 4055 remedium
457 3997 561 4068 pariter
574 3998 652 4053 nobis
668 3998 759 4052 attufit
772 4006 800 4052 ιι
814 3997 984 4067 exemplum!
1002 3996 1081 4065 Quis·

285 4090 352 4162 quis
375 4104 442 4161 ergo
466 4089 606 4147 doloribus
629 4091 765 4156 anxiaris,
795 4089 880 4159 spinis
905 4098 1080 4159 peccatorum

286 4181 430 4253 pungeris,
443 4183 466 4237 si
479 4181 521 4239 vis
533 4182 635 4238 doloris
651 4182 860 4252 mitigationem,
872 4198 978 4252 appone
991 4182 1081 4254 butyri

286 4274 371 4328 istius
395 4273 571 4328 suavitatem.
600 4272 628 4328 si
655 4273 783 4329 nobilitas
811 4281 838 4327 te
863 4274 988 4340 extollit,
1014 4275 1081 4331 uilril

285 4365 399 4421 Christo
417 4366 565 4435 potentius.
587 4365 616 4422 Si
635 4366 750 4421 scientia
771 4365 859 4434 infin,
875 4367 942 4423 nibil
960 4368 1020 4438 ipso
1038 4383 1083 4423 sa·

285 4456 420 4539 pientius.
441 4456 469 4512 si
485 4457 588 4514 divitiis
609 4457 780 4523 intumescis,
798 4459 866 4513 uiltil
888 4473 921 4516 eo
935 4461 1029 4516 ditius.
1048 4460 1083 4515 tit

1132 3628 1213 3697 guiue
1234 3627 1397 3686 fornicantis
1415 3629 1567 3686 Jerusalem
1590 3629 1716 3686 Ezechiel
1734 3631 1867 3700 propbeta
1890 3631 1929 3685 di-

1131 3721 1192 3775 cit:
1212 3720 1408 3792 sanguisejus
1428 3724 1453 3777 iu
1474 3723 1563 3780 medio
1583 3721 1654 3791 ejus,
1672 3737 1756 3793 super
1773 3723 1929 3793 limpidissi-

1132 3827 1205 3867 maut
1231 3827 1334 3886 petram
1356 3814 1453 3871 effudit
1477 3830 1540 3870 eum
1562 3815 1673 3886 (Ezeclr.
1695 3817 1782 3885 xxiv).
1807 3815 1865 3868 Non
1885 3822 1928 3868 est

1133 3904 1235 3961 effusus
1265 3922 1350 3975 super
1378 3917 1478 3962 terram
1503 3918 1532 3962 ut
1559 3914 1652 3975 posset
1675 3907 1777 3973 operiri
1804 3906 1925 3974 puluere.

1133 3999 1251 4069 Sanguis
1276 4000 1350 4052 enim
1379 4000 1438 4067 ejus
1469 4013 1551 4067 super
1578 3997 1794 4066 limpidissimam
1822 4006 1927 4064 petr-aut

1132 4090 1236 4146 effusus
1257 4099 1309 4155 est,
1333 4090 1442 4161 quaudo
1465 4090 1516 4145 viri
1539 4088 1702 4159 sanguinum
1725 4089 1751 4143 in
1775 4089 1926 4156 Christum,

1133 4183 1237 4254 quiesi
1259 4182 1451 4252 ilmpidissima
1473 4193 1561 4253 petra,
1579 4196 1636 4237 soa·
1658 4181 1828 4238 crudelitatis
1850 4183 1928 4236 mali-

1134 4275 1198 4330 tiam
1218 4281 1409 4330 exercuernut.
1435 4273 1494 4329 Non
1518 4284 1572 4340 est,
1595 4272 1698 4342 iuquit,
1723 4271 1826 4329 effusus
1845 4287 1929 4342 super

1134 4375 1247 4430 terrain,
1262 4365 1289 4420 id
1302 4375 1357 4431 est,
1370 4381 1451 4435 snper
1467 4375 1605 4421 terrenum
1620 4364 1738 4434 aliquem
1755 4373 1783 4418 et
1802 4372 1928 4430 peecato-

1133 4473 1203 4526 rem,
1218 4466 1249 4512 ut
1268 4465 1359 4528 posset
1380 4457 1481 4528 operiri
1500 4457 1622 4526 pulvere,
1643 4456 1694 4511 lroc
1707 4466 1759 4517 est,
1776 4463 1805 4508 ut
1824 4455 1929 4509 rationo

284 4554 381 4603 tameo
392 4548 460 4604 adeo
473 4550 566 4605 suavis
576 4558 604 4605 et
616 4548 778 4605 bouviliatus
789 4551 816 4604 in
830 4553 931 4608 narrando
944 4553 1079 4622 apparuit,
1096 4572 1120 4627 Ι)
1134 4548 1227 4603 delicti
1243 4548 1362 4617 aliquam
1373 4547 1488 4603 baberet
1503 4547 1648 4618 imaginent
1664 4547 1859 4601 excusationis.
1882 4545 1930 4601 fi·

285 4637 361 4707 quod
381 4638 407 4692 in
427 4638 537 4709 propria
556 4638 712 4693 venientem
731 4638 774 4692 sui
795 4655 848 4693 non
864 4640 951 4694 solum
967 4654 1020 4694 nou
1036 4653 1081 4693 rc·

1134 4639 1182 4694 des
1198 4640 1224 4694 iu
1239 4639 1339 4710 butyro
1353 4639 1527 4702 suavitatem,
1543 4651 1603 4706 quae
1619 4644 1748 4706 tanquam
1764 4638 1864 4691 bonurn
1878 4637 1929 4691 eli-

286 4736 434 4796 ceperunt,
450 4728 496 4784 sed
514 4729 597 4785 etiarn
616 4738 779 4798 spreverunt
798 4744 872 4787 eum.
892 4728 1012 4785 Tandem
1029 4730 1081 4786 boc
1128 4733 1231 4804 ganda,
1246 4741 1273 4788 ιι
1294 4731 1472 4802 insanguine
1492 4731 1667 4799 asperitatem
1684 4744 1744 4800 quac
1766 4730 1848 4784 voluti
1871 4745 1928 4783 ma·

286 4819 419 4890 butyrum
439 4818 501 4890 igue
514 4820 649 4890 passionis
665 4820 850 4890 liquefactum,
864 4823 987 4891 ‹ytraedam
1002 4822 1082 4877 stilli-

286 4908 359 4964 cidia
371 4910 520 4979 gratiarum
538 4910 564 4964 iu
580 4911 727 4966 Ecclesiam
746 4910 893 4967 transfudit
907 4929 913 4964 :
929 4914 997 4967 alios
1017 4913 1082 4968 feeit

287 5001 425 5057 ebaritate
446 5002 570 5074 pingues,
593 5003 663 5058 aiios
686 5003 838 5059 latruulitate
857 5019 956 5059 suaves
974 5023 980 5059 ι
1000 5019 1081 5074 quos·

286 5094 353 5150 dam
375 5094 460 5152 fortes
480 5098 636 5152 constantia
661 5097 808 5167 passionis,
832 5099 963 5168 tyrrosrlam
987 5113 1081 5154 saera·

286 5187 375 5244 menti
397 5189 549 5244 refectione
570 5191 762 5246 sanctificavit.
785 5191 899 5260 Accepit
917 5190 1000 5246 blaria
1024 5190 1082 5244 lfa·

286 5281 414 5349 gdalcnar
426 5281 460 5335 ab
473 5285 525 5337 boc
537 5283 636 5353 butyro
652 5284 807 5338 tinctionem
823 5284 986 5353 pinguedine
999 5285 1080 5337 devo·

288 5372 384 5434 tionis,
402 5370 486 5426 David
505 5376 666 5429 suavitatem
682 5377 780 5430 virtute
796 5375 966 5440 littruilttatis,
984 5374 1081 5431 Petrus

287 5465 377 5518 sensit
390 5463 449 5530 ejus
466 5466 687 5536 liquefactionem
703 5468 778 5525 eruei
795 5483 930 5536 appensus
946 5485 993 5538 per
1005 5484 1081 5522 arna-

1134 4824 1188 4878 lum
1205 4825 1304 4878 uaerito
1314 4822 1483 4893 reprobanda
1499 4820 1558 4878 fuit.
1574 4820 1692 4892 ideoque
1708 4821 1866 4876 Umnrauucl
1879 4837 1928 4876 tro

1133 4926 1191 4971 ster
1206 4916 1333 4986 butyrum
1355 4916 1483 4980 eomedit,
1499 4923 1529 4969 ιιι
1546 4915 1629 4969 sciret
1652 4916 1800 4983 reprobare
1825 4915 1926 4970 ιιιιιΙιιιιι

1132 5016 1159 5062 ιι
1173 5007 1273 5076 eligere
1284 5007 1395 5061 bonum.
1408 5005 1463 5060 Nec
1477 5014 1582 5060 tantum
1596 5006 1722 5076 butyrum
1736 5009 1854 5062 comedit
1869 5007 1928 5061 Uarr·

1133 5097 1242 5152 ιιιιιιιιιιΙ
1262 5106 1364 5162 noster,
1385 5096 1432 5151 scu
1453 5097 1537 5152 etiam
1557 5105 1585 5152 et
1606 5096 1742 5152 meidlai
1762 5098 1860 5152 diviua·
1883 5113 1928 5150 na·

1134 5200 1201 5243 turae
1214 5197 1389 5258 comparatur
1403 5200 1516 5260 propter
1532 5191 1595 5246 tria.
1612 5190 1661 5245 Est
1673 5192 1745 5246 euim
1760 5189 1813 5245 ruol
1828 5204 1926 5259 purga-

1134 5280 1229 5347 tivum,
1240 5281 1470 5348 conservativum,
1481 5292 1508 5337 et
1519 5282 1607 5339 dulce.
1615 5282 1756 5353 Siquidem
1767 5290 1795 5334 et
1807 5279 1833 5334 iu
1846 5289 1926 5349 gustu

1133 5374 1304 5429 ‹ltrlcediucrn
1319 5374 1410 5440 baltei,
1422 5385 1450 5429 ct
1461 5375 1648 5446 corruptiones
1660 5383 1769 5445 purgat,
1781 5382 1809 5427 ct
1822 5388 1852 5427 ea
1865 5388 1926 5441 aquai

1134 5465 1160 5520 iu
1183 5482 1212 5521 se
1234 5467 1359 5539 suscipit,
1383 5483 1397 5521 a
1421 5469 1597 5537 corruptione
1621 5469 1704 5522 illrosa
1727 5466 1856 5521 custodit.
1880 5465 1926 5520 Est

288 5553 441 5609 citudinem
461 5558 608 5626 passionis,
624 5570 650 5614 et
665 5570 800 5630 tyrtotquot
818 5560 843 5613 iu
862 5560 971 5616 Christo
993 5561 1080 5616 renati
1124 5551 1197 5627 'ergo
1214 5558 1306 5612 diviua
1325 5569 1433 5625 natura,
1455 5559 1506 5614 ruel
1527 5559 1708 5628 purgativum,
1721 5557 1784 5609 ιΙιιιιι
1802 5557 1926 5612 remissis

286 5654 364 5710 sorar,
386 5659 620 5704 sacratissimorum
641 5649 700 5718 cjrrs
720 5650 929 5720 participatione
951 5660 1014 5706 snut
1035 5666 1079 5706 ro·
1133 5651 1253 5719 peccatis
1284 5651 1417 5722 justificat
1445 5652 1568 5722 impium.
1599 5648 1651 5703 ifol
1684 5649 1923 5712 conservativum,

288 5738 367 5792 fecti.
385 5738 442 5796 floe
458 5733 587 5810 brityrum
605 5742 637 5796 dc
653 5742 758 5797 duobus
779 5743 919 5805 ultoribus.
934 5741 1024 5799 iudaea
1040 5743 1081 5798 vi·
1133 5743 1243 5811 quaudo
1259 5744 1382 5811 augendo
1395 5743 1508 5811 gratiam
1525 5740 1618 5810 dirigit
1630 5740 1744 5811 justum.
1762 5739 1810 5796 Est
1827 5751 1854 5796 et
1866 5741 1919 5795 tuel

289 5825 393 5885 delicet
408 5837 435 5885 et
453 5826 604 5904 gentilitate
623 5849 780 5903 expressura
794 5843 835 5891 est
850 5851 857 5890 a
874 5835 939 5905 quia
955 5835 988 5892 de
1004 5845 1079 5893 vitro·
1134 5835 1224 5904 dulce,
1242 5837 1304 5892 dum
1320 5837 1346 5893 in
1362 5835 1489 5907 pcreuuis
1504 5833 1575 5892 iilius
1591 5835 1650 5892 vita
1666 5834 1830 5900 iocunditate
1842 5834 1925 5905 targi-
