4425 6450
311 255 401 338 [ἳῆ

311 403 364 470 Ἡ
583 412 834 469 scaliones-
854 407 958 466 sumt.
983 405 1052 464 xtt.
1075 408 1107 463 tn
1128 408 1398 468 cuutttcttttottt
1417 411 1546 469 uittas
1566 410 1697 469 titulis.
1933 414 1969 469 id

285 567 290 574 .
323 517 634 596 sietitasjejuniorurn,
649 542 781 600 quorsum
794 524 910 581 tendant
934 526 1127 594 poenitentimn
1142 533 1163 589 A
1181 528 1281 591 tainus,
1297 528 1386 596 primo
1412 527 1502 594 tttodo,
1519 529 1545 582 id
1567 539 1620 595 cst,
1634 530 1783 600 asperitate
1797 530 1893 599 daqcili
1913 531 1970 585 rio·

323 592 592 689 iscurynarnmqie
619 620 760 690 suspiria,
786 618 921 688 asperitas
949 617 1123 688 disetpttnae:

282 739 285 748 =
323 711 438 768 discant
468 725 531 765 curu
559 710 757 767 sattotollatid
786 711 813 765 in
836 710 881 764 viii
906 710 999 765 habitu
1024 711 1125 767 saltare

325 813 394 857 ante
409 816 503 857 arcam
520 802 632 859 ioederis
647 802 691 873 (ii
706 801 769 874 iieq.
784 804 832 870 tt),
846 811 873 856 et
887 818 948 857 eum
961 801 1045 857 Paulo
1059 817 1125 873 apo·

324 894 400 951 ttoio
424 910 478 951 non
500 894 587 950 solum
612 895 770 960 abundare,
801 894 849 949 sed
874 894 956 949 ctiam
982 897 1124 965 penuriam

325 989 382 1060 pati
397 986 512 1059 (Philip.
538 992 586 1056 tr).
598 986 650 1054 Qui
673 987 745 1042 enim
769 986 862 1055 legunt
877 985 975 1042 liitrum
994 989 1061 1058 ttq‘s
1076 988 1124 1043 Dei

323 1078 404 1135 utros
416 1087 446 1133 et
470 1093 523 1133 non
538 1076 617 1143 iuris,
634 1077 686 1131 hoc
710 1086 763 1141 est,
787 1077 833 1147 qni
848 1077 940 1133 dicunt
959 1087 987 1131 et
1011 1093 1065 1132 non
1082 1079 1123 1133 ia·

323 1169 416 1236 ciunt,
446 1169 531 1241 magis
556 1169 731 1224 incubatores
755 1184 841 1225 sacrse
870 1168 1021 1240 scriptore
1040 1186 1123 1240 quarn

323 1259 538 1331 investigatores
563 1260 663 1315 dehent
690 1260 833 1332 appellari.
859 1259 971 1332 Triplici
987 1263 1123 1332 siqnidem

323 1352 431 1407 iumine
446 1366 496 1421 per
507 1351 579 1406 hanc
597 1351 669 1406 tiam
685 1352 845 1408 incedentes
866 1354 967 1407 dehent
983 1354 1122 1421 irradiari,

323 1455 445 1510 qnorum
461 1442 577 1512 primum
591 1450 634 1496 est
647 1442 833 1497 testimonium
844 1446 922 1498 honae
935 1444 1121 1512 conscientiae,

323 1532 479 1587 secundum
495 1531 609 1587 claritas
633 1531 829 1602 intelligentis,
857 1534 968 1590 lertittnt
994 1534 1123 1590 honestas

323 1625 490 1696 discipline.
523 1624 693 1681 Testimonio
720 1627 798 1681 honae
821 1627 998 1683 eonscientiae
1022 1628 1124 1683 debent

1180 619 1297 685 lenter.
1323 617 1437 690 reliquis
1469 618 1558 674 trihus
1587 621 1676 676 ntodis
1701 622 1794 677 mitius
1828 622 1971 677 attrahun-

1179 721 1234 766 tur.

1214 805 1283 859 Sunt
1299 805 1345 861 alii
1360 807 1406 872 qui
1420 817 1564 878 portantur
1576 808 1603 863 in
1632 822 1776 863 occursum
1790 807 1849 873 ilci,
1873 805 1971 877 quales

1176 907 1241 951 sunt
1266 895 1303 950 illi
1319 898 1365 967 qui
1390 899 1619 953 renuntiaverunt
1648 898 1779 967 operibus
1802 898 1971 961 rnortnis.ct

1177 986 1295 1054 quodam
1310 988 1417 1043 ierrnre
1428 988 1541 1057 spiritus
1552 986 1674 1042 seculum
1688 989 1846 1044 deserentes
1856 987 1970 1045 Domino

1176 1078 1360 1140 adissesernnt.
1384 1078 1432 1132 scd
1456 1077 1565 1132 lttcitine
1589 1076 1744 1133 carnaiimn
1769 1077 1970 1134 desideriorum

1174 1179 1203 1226 et
1227 1170 1359 1226 secularis
1374 1171 1435 1225 rita
1451 1171 1582 1225 retardati
1593 1171 1620 1225 in
1641 1170 1696 1238 sia,
1707 1185 1762 1239 qua
1779 1170 1968 1238 ambulabant,

1175 1263 1324 1333 procedere
1334 1278 1387 1317 non
1403 1262 1542 1317 sinuntur.
1553 1262 1600 1316 isti
1612 1277 1677 1331 erqo
1686 1260 1878 1316 exhortatione
1892 1262 1968 1317 ueriti

1175 1357 1223 1412 liei
1242 1365 1270 1409 et
1283 1356 1473 1410 consolatione
1506 1353 1621 1423 spiritali
1639 1351 1766 1422 portandi
1781 1362 1856 1419 sunt;
1869 1353 1969 1422 quihus

1175 1447 1264 1502 denuo
1298 1446 1432 1512 renovati,
1453 1442 1552 1501 allecto
1588 1445 1688 1499 inentis
1722 1443 1832 1500 discant
1861 1455 1968 1499 terrena

1174 1538 1320 1609 despicere
1346 1546 1373 1591 et
1396 1550 1490 1591 amare
1505 1535 1640 1593 ecclesiia.
1668 1534 1739 1602 Quid
1765 1536 1839 1591 enirn
1862 1536 1969 1593 coniert

1173 1631 1223 1687 lios
1239 1629 1354 1702 quisito
1368 1628 1479 1692 decidit.
1492 1636 1519 1683 et
1533 1628 1662 1699 gaudium
1674 1625 1747 1697 qnod
1774 1626 1801 1681 in
1826 1637 1968 1681 momento

323 1719 399 1772 irtus
412 1716 561 1772 illuminari
591 1731 641 1786 per
668 1718 810 1785 virtutem.
829 1718 954 1775 claritate
970 1718 1123 1790 intelligen-
1176 1723 1298 1779 trausitl
1334 1721 1406 1777 Ecce
1437 1720 1568 1791 quicquid
1595 1720 1621 1774 in
1655 1720 1706 1774 hoc
1737 1719 1837 1774 mundo
1858 1719 1968 1788 specio-

323 1810 370 1862 tise
385 1822 436 1878 per
452 1808 608 1872 veritatem,
624 1806 691 1864 ioris
718 1809 827 1862 radiare
854 1808 955 1864 dehent
979 1809 1123 1864 honestate
1175 1825 1234 1864 sum
1260 1817 1313 1874 est,
1339 1808 1460 1873 silescit,
1485 1822 1535 1862 nec
1564 1807 1669 1878 aliquid
1701 1807 1862 1863 delectabile
1886 1808 1912 1861 in
1934 1823 1968 1864 eo

322 1900 478 1971 discipline
490 1914 540 1969 per
553 1898 653 1954 bonam
669 1900 916 1956 concenationem.
933 1901 979 1957 Sic
1005 1916 1070 1972 crgo
1083 1901 1124 1954 di·
1140 1886 1319 1972 chnnanct
1342 1917 1350 1954 :
1373 1899 1437 1969 quis
1464 1898 1598 1968 iuuentus
1627 1898 1773 1968 preterit,
1803 1898 1893 1953 icrnts
1920 1913 1967 1952 ea-

322 2004 400 2048 recte
415 1999 567 2048 oectnrum
586 1992 702 2047 Doctrina
717 1991 764 2061 qni
781 2005 829 2062 per
845 1992 894 2047 has
914 1994 971 2046 uias
989 1993 1119 2061 gradiun·
1170 1995 1220 2060 dit,
1253 1991 1384 2048 iortitndo
1409 1990 1578 2051 debilitatur.
1598 1990 1720 2058 potentia
1745 1991 1897 2057 descendit,
1919 1994 1966 2048 di·

321 2093 382 2148 tur,
398 2098 453 2137 non
474 2098 573 2137 onmes
584 2093 673 2137 ttcnten
687 2098 742 2137 uno
760 2083 840 2138 tttodo
851 2095 999 2139 occurrunt
1013 2084 1049 2138 ci.
1064 2082 1119 2137 titt

320 2173 399 2224 enim
420 2171 609 2234 attrahuntur,
624 2170 672 2225 aiii
695 2180 851 2241 portantur,
881 2172 926 2227 aiii
945 2173 1119 2244 gradiuntur,

320 2260 370 2315 atti
383 2275 449 2317 tero
461 2272 578 2317 currunt
589 2262 642 2317 sihi
659 2263 780 2318 citriam.
796 2262 864 2319 Sunt
882 2264 959 2318 mttlti
975 2265 1119 2319 criminosi

322 2356 352 2409 in
375 2356 430 2411 hoe
447 2355 543 2411 seculo
559 2356 606 2425 qni
635 2368 746 2412 terrena
771 2365 908 2426 qmcrnnt,
933 2357 1053 2413 carnaiis
1075 2374 1120 2414 sa·

321 2448 415 2516 piant,
432 2446 601 2516 usqueadeo
623 2446 724 2517 sepulti
747 2447 773 2501 in
790 2447 876 2512 uitiis,
889 2449 961 2516 quod
973 2465 1023 2503 tice
1036 2450 1119 2503 etiam

318 2534 419 2592 oculos
430 2549 546 2604 possunt
559 2541 594 2593 ad
625 2539 724 2594 coeltun
740 2538 831 2593 levare
846 2557 853 2592 ε
876 2551 903 2594 et
918 2541 1048 2610 squalore
1057 2556 1121 2610 pec-

318 2639 448 2685 satorum
462 2629 582 2685 coniecti
603 2630 806 2687 olriitiscuntur
832 2633 948 2702 patriam
965 2633 1119 2699 coelestem,

320 2723 357 2777 ad
370 2721 602 2794 qnamdehercnt
626 2723 773 2793 proticisci.
800 2725 915 2781 Videres
937 2740 985 2781 eos
1001 2728 1027 2780 in
1042 2726 1120 2781 coitr-

318 2815 446 2888 ptattbm
460 2815 545 2870 tilam
560 2816 673 2882 ducere,
692 2816 757 2870 luxu
774 2815 855 2885 hujus
871 2817 963 2871 saculi
979 2817 1118 2884 lascivire,

317 2907 460 2964 rustitius
470 2915 499 2964 et
510 2907 689 2977 impudicitiis
700 2923 814 2979 operam
840 2908 919 2972 darc,
940 2910 1020 2963 utodo
1032 2924 1115 2965 scan-

317 2997 395 3063 dala,
414 2997 497 3055 modo
519 3002 608 3070 turpia
633 3011 780 3070 operantes
806 3020 813 3057 z
835 3012 864 3059 et
884 3012 1010 3057 sanetum
1035 3000 1120 3056 lsraci

316 3093 549 3165 tatasptenantes
575 3104 700 3152 statuunt
723 3096 825 3153 idoimn
842 3096 968 3164 Veneris,
992 3097 1037 3153 uhi
1051 3098 1119 3152 ado·

261 3266 264 3271 Ι
317 3179 410 3246 'sanda
428 3197 471 3245 est
489 3199 668 3246 socrosancta
691 3188 783 3260 passio
807 3188 969 3245 salvatoris.
996 3188 1118 3257 Quorum

1170 2087 1260 2157 quitos
1275 2093 1437 2149 evacuatur,
1462 2085 1567 2138 sanitas
1583 2082 1752 2151 languescit,
1782 2083 1884 2138 dictita
1909 2098 1964 2139 non

1170 2189 1286 2249 possunt
1315 2190 1478 2247 perntancrc
1496 2193 1503 2228 ε
1521 2175 1649 2247 portoient
1663 2174 1777 2229 uertitur
1788 2174 1815 2229 in
1831 2174 1965 2241 dolorem,

1170 2280 1197 2327 et
1210 2271 1327 2341 jocunda
1342 2269 1434 2324 omnia
1449 2268 1503 2323 line
1517 2267 1710 2323 attracitudinis
1727 2276 1965 2342 consummantur.

1170 2362 1363 2433 Respiciamus
1376 2360 1422 2430 qui
1439 2360 1549 2413 ittcront
1564 2367 1628 2413 ante
1641 2372 1700 2421 nos,
1717 2356 1781 2425 qnid
1797 2355 1898 2425 proluit
1912 2356 1967 2410 iilis

1170 2452 1297 2520 superuis
1306 2465 1400 2506 eorum
1414 2448 1563 2521 collectatio
1573 2446 1747 2501 diuitiarum?
1759 2444 1830 2500 Nihil
1842 2448 1966 2515 olimina,

1171 2544 1309 2599 ituoreiut
1321 2543 1411 2598 iunius
1423 2541 1652 2613 pertransierunt.
1661 2539 1683 2596 0
1692 2554 1773 2609 quarn
1785 2537 1878 2593 miseri
1891 2547 1966 2606 sinit,

1170 2636 1217 2705 qui
1228 2635 1262 2689 ad
1274 2634 1410 2691 modicum
1421 2632 1518 2687 nolunt
1530 2631 1634 2686 sentire
1649 2638 1678 2683 nt
1688 2645 1795 2699 setttper
1807 2629 1965 2694 simillimi,

1170 2728 1218 2798 qui
1234 2727 1369 2781 tnodicnm
1386 2724 1508 2779 lahorem
1528 2719 1734 2792 suhtcriuginnt
1748 2729 1777 2774 ut
1789 2736 1899 2790 semper
1911 2723 1967 2777 sint

1170 2819 1268 2889 quieti,
1284 2817 1330 2889 qui
1347 2817 1374 2871 in
1390 2816 1441 2871 hac
1460 2815 1516 2869 uita
1534 2813 1641 2885 plorare
1657 2820 1775 2867 renuunt
1803 2820 1832 2866 ut
1846 2812 1873 2868 in
1886 2824 1967 2868 aeter-

1170 2925 1236 2966 num
1261 2910 1317 2966 sint
1329 2908 1454 2980 jocundi.
1477 2906 1533 2962 Nec
1551 2905 1681 2962 aestimari
1706 2904 1807 2961 dehent
1822 2906 1966 2975 passiones

1171 3004 1254 3073 hujus
1270 2999 1401 3072 temporis
1415 3000 1450 3055 ad
1466 2997 1586 3053 interam
1602 2996 1717 3066 gioriarn
1741 3010 1803 3065 qnae
1830 2994 1967 3051 rerelehi-

1170 3103 1215 3150 tur
1231 3094 1258 3148 in
1275 3092 1356 3148 nohis
1373 3089 1415 3161 (ii
1431 3086 1493 3144 Cor.
1511 3089 1570 3159 nri:
1587 3088 1717 3158 qnoniam
1733 3097 1760 3144 ct
1775 3086 1967 3156 negociatores

1171 3186 1253 3256 httjns
1272 3183 1360 3242 seculi
1379 3183 1463 3240 multo
1477 3191 1587 3253 sumptu
1613 3190 1640 3234 et
1664 3179 1759 3236 labore
1787 3180 1967 3236 ntercimonis

319 3279 513 3339 confusionem
529 3282 635 3351 pariter
661 3291 687 3337 et
700 3282 863 3352 supplicium
880 3281 1016 3352 Propheta
1041 3297 1118 3337 com·
1133 3260 1156 3320 c
1174 3278 1333 3350 temporalia
1349 3285 1526 3346 comparant,
1542 3273 1681 3344 inquibus
1700 3271 1768 3327 incri
1785 3286 1867 3341 super
1879 3271 1967 3325 ahnn-

261 3360 268 3369 ’
317 3380 459 3429 anement
479 3371 575 3429 dicens
605 3391 611 3426 :
638 3372 899 3428 Contatninaseruot
926 3380 1119 3428 testamcutum
1171 3367 1294 3424 dentiam
1313 3366 1447 3422 inimoco
1471 3380 1501 3420 sc
1528 3361 1778 3433 spetuntadipisci.
1808 3359 1966 3416 decidamus

317 3464 395 3537 ejus,
409 3464 490 3521 diuisi
505 3473 569 3519 sunt
594 3464 628 3519 ab
654 3464 693 3518 ira
719 3463 810 3519 tuitus
830 3463 899 3534 cius,
917 3473 945 3520 et
971 3463 1120 3535 appropin-
1172 3458 1256 3528 igitur
1269 3458 1303 3512 ad
1320 3457 1425 3528 pondus
1439 3456 1536 3528 gioria*¹
1550 3456 1622 3525 qnod
1638 3456 1692 3511 tile
1706 3464 1750 3510 est
1776 3468 1837 3508 cum
1853 3455 1965 3518 enititur,

317 3556 417 3629 quasit
442 3571 490 3612 cor
512 3554 765 3627 dimetiantur),
781 3557 1057 3623 contaminaverunt,
1077 3559 1120 3612 in·
1170 3563 1198 3608 et
1214 3553 1367 3623 preciosum
1393 3568 1455 3609 eum
1481 3554 1650 3623 possidetur,
1669 3567 1725 3621 quo
1749 3552 1873 3606 ntctnbm
1901 3565 1963 3605 curo

318 3651 393 3724 qtrit,
408 3660 604 3706 testamentum
630 3651 701 3720 ejus,
714 3649 742 3703 id
756 3659 809 3715 cst,
823 3651 1034 3719 promissionem
1055 3651 1119 3706 uitae
1170 3646 1260 3714 capite
1278 3644 1389 3701 Christo
1404 3644 1537 3701 ieiicitate
1552 3654 1683 3715 perpetua
1703 3643 1898 3713 perfruuntur.

320 3755 434 3800 sternte
445 3744 611 3814 polluerunt,
631 3743 807 3814 quantumin
825 3743 892 3812 ipsis
918 3755 972 3808 est,
990 3743 1063 3798 ntaie
1077 3743 1120 3797 ri·
1206 3737 1277 3794 Sunt
1295 3736 1341 3791 aiii
1353 3736 1475 3808 plerique
1490 3734 1517 3790 in
1542 3735 1635 3790 seculo
1653 3736 1699 3804 qui
1715 3735 1741 3789 in
1756 3749 1901 3789 occursum
1915 3733 1967 3786 llo·

320 3835 425 3889 sendo.
447 3832 1120 3904 idco.quiadiuisismttajustiscteicctisptae
1171 3829 1238 3883 mini
1266 3829 1428 3898 gradiuntur
1451 3842 1532 3897 passu
1560 3835 1713 3898 tetuperato
1740 3843 1748 3879 a
1775 3827 1838 3895 quia
1875 3825 1965 3880 adime

290 3985 295 3993 ,
322 3929 364 3982 ira
380 3926 470 3982 roilus
481 3925 550 3995 ejus,
564 3936 591 3982 et
604 3925 835 3997 appropinquavit
848 3940 897 3981 cor
914 3924 995 3989 iliius,
1019 3925 1046 3978 id
1061 3932 1118 3989 est,
1170 3929 1294 3975 amantes
1312 3920 1454 3974 commoda
1470 3920 1533 3972 citae
1553 3918 1634 3983 hujus
1647 3917 1681 3971 ad
1695 3917 1827 3971 victutum
1841 3917 1967 3970 eontinen-

323 4020 468 4076 utactilcsta
484 4028 526 4074 cst
534 4021 568 4075 de
583 4019 636 4074 iilis
650 4020 775 4074 voluntas
787 4017 882 4088 ipsius,
897 4028 927 4071 ut
944 4014 1120 4071 attaniicstutn
1171 4010 1236 4067 tiam
1252 4017 1389 4079 nequeunt
1403 4009 1563 4071 ascendere,
1574 4007 1621 4061 sed
1638 4015 1741 4075 toccien,
1759 4015 1892 4076 quarunnt
1919 4023 1967 4059 rs-

322 4114 375 4168 ltat
399 4113 454 4180 hie,
474 4113 522 4183 qui
539 4115 620 4168 titudo
636 4113 723 4168 latent
743 4111 856 4175 occulti,
872 4126 953 4180 quant
980 4109 1055 4179 iusto
1071 4107 1119 4163 ilci
1170 4103 1242 4168 lent,
1258 4100 1397 4157 declinant
1410 4109 1520 4169 peccata
1533 4098 1639 4170 qratia,
1654 4108 1682 4153 ct
1702 4097 1871 4167 protundum
1885 4098 1967 4151 vitio·

318 4205 426 4277 iudicio
455 4207 482 4259 in
511 4203 603 4259 loturo
624 4206 777 4277 suscipiant
805 4203 973 4259 sententiam
1005 4210 1118 4257 aeternae
1170 4210 1243 4252 rum.
1258 4194 1399 4264 Perpiana
1413 4209 1479 4263 ergo
1495 4194 1584 4262 campi
1599 4191 1688 4248 floridi
1708 4191 1779 4246 inter
1797 4192 1865 4247 duas
1880 4207 1967 4261 aqnas
2045 4270 2049 4287 Ι

321 4292 520 4348 damnationis.
531 4291 586 4348 iios
598 4302 688 4348 tattren
705 4307 758 4348 non
779 4288 939 4347 deseritliei
963 4289 1120 4344 ttriserieor·
1171 4291 1253 4360 positi
1269 4289 1390 4342 stttttt'tlct
1404 4287 1551 4348 incedunt,
1567 4284 1612 4339 uhi
1625 4284 1746 4340 societas
1760 4284 1853 4340 carnis
1867 4293 1893 4339 ct
1909 4283 1967 4356 spi-

320 4389 381 4453 dia,
405 4386 536 4458 quoniam
559 4388 631 4456 qnod
655 4385 748 4440 iacere
780 4398 834 4438 aton
856 4383 970 4452 eupiunt
991 4380 1120 4436 iiheclate
1170 4383 1240 4438 ritus
1256 4392 1392 4437 inmuose
1406 4379 1514 4436 iescam
1528 4379 1638 4435 solatio.
1651 4376 1969 4449 i'erltigratin.qnando

322 4487 500 4552 spontanea,
525 4477 689 4549 quandoque
721 4475 820 4545 liaqeiii
850 4475 1002 4545 asperitate
1027 4471 1120 4528 iacere
1170 4474 1338 4545 spiritusqui
1353 4482 1495 4544 promptus
1509 4472 1746 4535 cst‚icstinnntius
1762 4473 1789 4526 in
1802 4472 1966 4542 obsequium

320 4574 551 4646 totupeiiuntur:
575 4581 603 4627 et
618 4573 697 4627 ruodo
719 4578 895 4641 paupertate,
912 4568 992 4624 modo
1005 4566 1119 4621 intirmi·
1134 4598 1159 4657 D
1172 4569 1219 4624 [lei
1241 4568 1379 4640 graditur,
1398 4566 1545 4622 ailiietione
1559 4567 1652 4622 carnis
1667 4566 1830 4622 cohibeatur
1854 4573 1884 4619 et
1900 4579 1972 4617 caro

322 4665 491 4733 toteruodo
516 4665 569 4719 siis
586 4664 765 4720 tribulatione
780 4661 944 4726 extrinseca,
963 4659 1042 4715 motio
1053 4672 1121 4714 con·
1169 4661 1295 4729 inlunis,
1325 4661 1390 4717 dum
1420 4661 1502 4715 rrintis
1518 4659 1662 4714 commoda
1679 4658 1794 4728 appetit,
1818 4658 1970 4713 vivacitate

322 4766 436 4822 insione
449 4779 532 4833 quarn
548 4777 598 4833 pro
612 4761 763 4818 sceleribus
778 4759 835 4816 suis
852 4759 998 4823 sustinent,
1014 4755 1120 4812 uiolen-
1172 4755 1285 4825 spiritus
1301 4754 1335 4808 ad
1349 4754 1490 4809 anteriora
1512 4759 1717 4822 promoveatur.
1735 4748 1886 4803 Atuhuiant
1899 4765 1971 4816 ergo

322 4870 372 4917 ter
403 4856 516 4913 attracti
531 4855 566 4910 ad
596 4857 682 4911 Deum
703 4861 880 4909 revertuntur
901 4849 1118 4922 (Proimxxsnl.
1172 4844 1968 4920 pereatnpumssoridnmntundiirttjttsanrantesdiritias,

322 4950 467 5013 siceum
486 4951 701 5022 scriptumest:
730 4945 813 5018 impie
831 4944 916 5000 iacies
934 4957 1028 4998 eorum
1046 4940 1121 5011 igno-
1172 4947 1471 5008 aurumetargentum
1487 4937 1673 5007 possidentes.
1700 4936 1857 4992 vestiuntur
1875 4938 1969 4992 disco·

320 5045 700 5115 mutantquacentnonen
712 5051 799 5104 tuum,
815 5037 938 5093 liotnine.
952 5034 1018 5089 diiis
1028 5043 1118 5087 tanmn
1172 5035 1286 5099 loribus,
1303 5042 1472 5099 ceterasque
1488 5029 1597 5085 delitias
1613 5030 1675 5085 rite
1690 5027 1773 5098 itujns
1798 5045 1851 5084 non
1866 5042 1965 5097 asper.

324 5136 419 5194 tuodis
431 5137 543 5192 eosdem
570 5133 735 5189 criminosos
755 5128 871 5185 attrahit
891 5126 1031 5190 dontinus,
1043 5124 1120 5178 vide·
1172 5136 1285 5193 nentur,
1310 5133 1339 5178 et
1366 5123 1407 5178 sic
1422 5132 1489 5178 ennt
1504 5122 1577 5178 inter
1590 5123 1658 5177 tinas
1674 5137 1761 5191 aquas
1776 5122 1910 5174 virtutum
1937 5127 1970 5173 et

324 5228 393 5285 iicct
420 5226 592 5283 exhibitione
614 5225 770 5297 praecepti,
795 5220 952 5278 ostensione
978 5215 1119 5286 caerrtpli.
1172 5220 1304 5275 uitiorum
1332 5216 1358 5270 in
1377 5229 1523 5270 occursum
1539 5215 1610 5286 ejus.
1632 5213 1690 5268 Non
1714 5222 1803 5267 tannen
1824 5208 1961 5278 usquead

323 5319 509 5391 inspiratione
517 5319 634 5376 coelesti.
647 5316 822 5373 Exitihitione
833 5311 961 5384 ptaecepli
977 5319 1121 5366 cosattra·
1172 5315 1261 5384 ipsunt
1272 5311 1549 5384 pervenirepossunt‚
1563 5309 1615 5363 nisi
1631 5300 1968 5372 antitetronsnrissaliol.

323 5414 381 5478 hit,
405 5414 515 5483 (illinit)
539 5412 665 5467 doctrina
681 5410 757 5465 verbi
773 5408 820 5465 Dei
842 5423 857 5461 a
879 5406 957 5461 maiis
969 5404 1025 5459 suis
1042 5417 1121 5459 reto·
1172 5407 1271 5476 xstttti
1287 5422 1294 5461 s
1316 5405 1446 5476 quoniam
1464 5402 1510 5458 ilie
1525 5417 1578 5457 non
1594 5398 1732 5454 inuenitur·
1745 5398 1771 5450 in
1786 5406 1857 5449 terra
1873 5392 1965 5448 sunsi-

327 5516 430 5562 cantur
446 5523 454 5559 ι
469 5507 628 5562 ostensione
638 5502 756 5574 exetnpii
772 5507 962 5573 attrahuntur,
981 5507 1044 5563 dum
1069 5523 1120 5579 per
1172 5506 1215 5552 ter
1227 5499 1387 5560 viventium,
1397 5492 1616 5562 sicutSeriptnra
1627 5489 1661 5542 dit
1673 5486 1887 5541 it.Tcucndsest
1898 5498 1969 5550 ergo

324 5601 400 5655 hona
427 5614 512 5672 opera
536 5599 675 5668 justorum
702 5599 736 5654 ad
764 5597 878 5653 meliora
902 5609 1117 5669 provocantur:
1171 5593 1248 5664 uirga
1264 5589 1360 5660 iioysi,
1385 5602 1438 5656 qun
1455 5600 1584 5657 percusso
1600 5580 1712 5636 llunriue
1727 5590 1753 5634 et
1768 5577 1965 5646 disisolfisod.

325 5692 512 5763 inspiratione
539 5691 644 5748 coelesti
670 5692 869 5755 attrahuntur,
894 5691 958 5746 dum
986 5692 1118 5748 tnvtsthitt
1171 5686 1220 5754 tt).
1240 5685 1314 5740 sicco
1329 5683 1396 5751 pede
1414 5687 1527 5748 possunt
1543 5675 1709 5746 pertransire
1726 5691 1732 5727 :
1747 5672 1874 5742 qnoniam
1888 5685 1965 5724 atita-

324 5786 416 5861 gratia
433 5788 508 5843 intus
524 5784 652 5844 illustrati
665 5784 749 5856 gratis
758 5780 955 5852 justificantur.
970 5783 1039 5840 Cum
1053 5800 1119 5858 crgo
1172 5791 1245 5834 tores
1260 5778 1322 5832 cita
1336 5774 1416 5844 huius
1429 5772 1556 5825 virtutem
1570 5767 1818 5837 discretionisque
1833 5773 1875 5821 est
1888 5763 1965 5833 virga

329 5887 451 5948 qrtatuor
463 5877 603 5952 praedictis
627 5876 714 5933 modis
741 5884 898 5946 peccatores
924 5877 1044 5935 attrahat
1067 5879 1119 5934 llo-
1171 5873 1269 5944 iritqsi,
1282 5871 1318 5930 ita
1334 5877 1427 5927 tenere
1442 5865 1554 5936 dehent,
1571 5870 1599 5920 ut
1615 5862 1714 5922 linctus
1727 5862 1808 5934 liujus
1822 5857 1908 5916 sccuii
1934 5865 1964 5911 et
