4425 6450
294 390 365 454 ’1135
934 385 1036 442 PETRI
1053 384 1291 446 ltettttdu’sts
1519 433 1521 437 t
1872 392 1945 452 titt

292 524 389 573 ornnes
399 518 533 584 prompte
543 518 605 564 sum
620 508 654 563 ad
668 503 843 575 exsequenda
854 518 903 562 sua
913 502 1085 571 odicia‚nam
1100 515 1125 573 A
1138 518 1203 574 ergo
1221 517 1304 574 quam
1318 502 1388 561 heae
1403 503 1522 573 disputat
1538 505 1573 561 de
1587 496 1782 576 grammatica.
1796 515 1856 561 tam
1872 505 1944 565 hene

293 614 426 677 petentum
455 601 572 658 intendit
597 599 719 653 anirnum
738 598 919 667 temperantia
943 606 1087 652 usuexte·
1139 597 1261 665 disputat
1284 594 1319 650 de
1347 594 1500 653 dialectiea.
1531 596 1615 661 item¹
1643 596 1743 669 aliquis
1768 599 1943 655 naturaliter

294 698 361 756 riori
374 697 408 751 ad
422 690 742 751 coercendasilleeelnas
755 699 877 759 tenpore
886 688 1085 760 prosperitatis,
1138 687 1228 743 honus
1253 695 1296 743 est
1318 686 1352 741 ad
1369 688 1543 758 exsequenda
1561 703 1644 759 opera
1666 690 1802 761 justitiae,
1817 702 1942 747 natina-

293 796 399 844 lsntum
423 785 541 841 intendit
568 782 701 838 fortitudo
727 783 753 836 in
781 782 878 838 habitu
902 781 1024 839 interiori
1052 782 1086 844 ad
1138 779 1202 835 liter
1215 778 1327 833 timidus
1341 788 1382 833 est
1395 780 1429 833 nd
1452 780 1641 834 sustinendum
1658 782 1942 853 adversarnuuquid

293 879 472 951 perieremlas
488 876 640 939 molestias.
655 875 678 930 si
697 885 826 930 occurrat
841 881 950 944 tempus
962 874 1087 930 aduersi·
1139 869 1167 925 in
1185 884 1218 925 eo
1233 884 1313 939 pares
1326 869 1509 941 suntjustitia
1524 881 1553 927 et
1574 871 1728 929 lortitutloi
1747 874 1787 929 lta
1809 892 1816 929 :
1839 878 1870 929 in
1888 876 1937 930 ha-

294 974 371 1037 tatis,
389 989 443 1027 uon
465 979 555 1026 {anien
572 978 696 1042 temporo
712 969 902 1041 prosperitatis
916 969 949 1022 sd
963 969 1087 1023 lsooani·
1138 958 1197 1015 bitu
1220 961 1271 1016 sed
1298 976 1351 1017 uon
1381 964 1408 1015 in
1435 976 1495 1017 usu.
1516 962 1594 1027 item.
1610 974 1714 1035 quanto
1737 969 1802 1037 quis
1818 966 1937 1036 justior,

294 1081 368 1121 mum
396 1063 477 1136 242
505 1074 616 1129 irroret,
642 1064 691 1119 sed
714 1062 846 1133 disponit,
875 1061 938 1132 quia
968 1071 1086 1118 nonest
1138 1061 1215 1111 lauto
1231 1053 1317 1125 magis
1334 1054 1423 1109 reddit
1440 1055 1495 1110 ileo
1508 1056 1580 1125 quod
1595 1073 1674 1113 suum
1688 1069 1741 1126 est,
1761 1072 1790 1115 et
1803 1062 1936 1131 proximo

293 1173 361 1228 opus
377 1158 444 1229 (ti).
463 1157 519 1211 lion
540 1158 614 1212 euim
640 1158 742 1215 liabent
765 1157 886 1212 haisitum
903 1159 948 1227 qni
966 1173 1020 1212 non
1039 1157 1087 1213 ha-
1139 1151 1211 1218 qttod
1232 1164 1313 1205 suum
1337 1159 1390 1213 est,
1412 1163 1477 1220 ergo
1490 1161 1593 1219 qtsattto
1605 1148 1706 1217 iustior
1723 1163 1799 1211 tanto
1813 1159 1939 1226 prades·

293 1248 358 1303 bent
378 1248 630 1315 ustun3haheront
651 1257 740 1304 tauteu
759 1248 781 1303 si
796 1249 914 1303 instruet
932 1258 1049 1318 leniptts.
1139 1244 1217 1298 tior:
1240 1244 1312 1314 qrrod
1332 1257 1427 1297 rerum
1451 1252 1493 1297 est
1514 1244 1536 1297 si
1560 1245 1594 1299 ad
1613 1247 1734 1301 hahitum
1762 1248 1925 1321 reseratorp'p

330 1341 383 1396 Sed
399 1354 494 1396 eontra
506 1340 636 1410 obiicitur
655 1357 662 1392 ι
679 1341 717 1397 Es
735 1352 837 1410 quauta
857 1342 964 1410 institia
975 1343 1084 1413 'siliquid
1138 1336 1249 1402 latinu,
1270 1336 1292 1392 si
1308 1336 1343 1391 nd
1359 1350 1449 1392 usum.
1464 1338 1543 1404 item,
1559 1353 1592 1395 es
1610 1351 1713 1409 qtranta
1729 1341 1839 1412 justitia
1860 1355 1936 1402 tene·

293 1432 334 1500 ιιι,
358 1447 392 1487 ex
418 1440 493 1485 latito
513 1430 657 1501 prudentia
685 1430 756 1485 idom
777 1431 818 1495 ιιι,
841 1432 1085 1501 ergoqnantpju.
1139 1437 1183 1483 tur
1204 1428 1305 1498 anquis
1333 1432 1438 1488 sempe
1464 1432 1530 1499 030,
1556 1448 1591 1489 0¹
1619 1443 1693 1490 mma
1720 1438 1886 1505 mudena
1910 1447 1938 1497 a

292 1524 362 1581 stius
389 1532 464 1576 tutuo
479 1523 650 1592 prudentius.
666 1522 795 1581 l'ailaeia.
817 1524 856 1579 Es
872 1534 973 1593 nitardo
994 1526 1086 1582 calore
1138 1530 1268 1584 οιοιιιιις
1285 1534 1351 1592 ergo
1367 1538 1449 1592 quam
1460 1523 1534 1594 iuste
1551 1533 1606 1577 tam
1623 1528 1782 1594 prudenter.
1799 1529 1936 1585 Fallacia,

293 1615 334 1670 sol
360 1613 486 1671 ealefacit
509 1614 599 1680 ludos,
615 1630 647 1668 er
664 1624 740 1669 tutuo
760 1613 887 1678 Parthos,
908 1630 973 1686 ergo
995 1632 1085 1685 quatu
1137 1611 1176 1671 nx
1192 1622 1293 1682 olianta
1309 1614 1424 1676 seientia
1437 1615 1496 1670 heri
1509 1617 1653 1685 disputasti
1669 1635 1788 1686 moerim,
1807 1636 1843 1676 ex
1861 1632 1936 1677 tanta

294 1706 1085 1774 tutuParthos.tantumlndos;velita:Qttarttosoiem
1137 1704 1220 1759 hodie
1247 1705 1386 1773 disputas;
1425 1721 1490 1778 ergo
1515 1724 1597 1777 nestun
1623 1710 1743 1765 scienter
1768 1712 1850 1779 heri,
1879 1725 1935 1771 tans

294 1803 406 1858 tiorest
428 1804 479 1857 iste
493 1802 539 1856 illo
563 1802 588 1856 in
605 1804 795 1872 prariinsaticu
809 1811 884 1856 terito
900 1802 1086 1860 scientiorest
1137 1792 1258 1847 seientes
1280 1792 1373 1850 ltodie.
1401 1793 1477 1860 item,
1502 1808 1606 1867 qllinto
1632 1798 1735 1868 aliquid
1767 1802 1798 1857 pp
1813 1802 1933 1871 jusum·

292 1895 342 1956 ille
365 1896 392 1951 'tu
408 1895 563 1960 dialectico,
579 1910 645 1965 ergo
667 1905 772 1965 qttnnto
798 1895 905 1950 doctius
918 1896 1038 1964 disputat
1052 1896 1086 1951 de
1101 1863 1123 1920 B
1139 1892 1215 1940 launo
1242 1884 1357 1955 ttrajoris
1382 1888 1492 1955 meriti,
1516 1897 1544 1942 et
1560 1899 1672 1958 ‘qtrnulo
1699 1894 1813 1961 maioris
1842 1898 1934 1957 uterisl

293 1986 473 2063 paruissetiea
488 2001 570 2054 ortam
592 1986 648 2050 ille,
664 1995 739 2040 tauto
756 1985 864 2042 doctius
882 1987 915 2044 de
927 1987 1084 2055 dialectiea,
1139 1983 1216 2029 ¹³¹¹¹⁰
1229 1976 1346 2041 meliust
1364 1991 1430 2053 erpo
1445 1988 1548 2046 titianto
1567 1978 1668 2049 justius
1680 1992 1757 2039 lartio
1771 1985 1894 2052 melius,
1907 1997 1936 2045 et

292 2078 383 2151 posito
406 2078 478 2147 qurud
507 2078 552 2130 ille
575 2076 702 2132 subtilius
721 2078 842 2148 disputat
857 2079 937 2134 risorio
951 2078 985 2135 de
1000 2079 1086 2135 «linies
1138 2064 1174 2121 ita
1188 2082 1342 2137 opusaeuue
1350 2068 1456 2137 justum
1469 2072 1513 2125 alii
1526 2073 1601 2141 operi
1615 2076 1687 2145 quoti
1698 2086 1741 2131 est
1753 2079 1933 2147 prudentius,

296 2170 380 2231 oties.
393 2170 518 2230 licetine
532 2170 591 2239 plns
616 2171 720 2238 peritus
742 2171 777 2225 sit
803 2172 830 2226 in
858 2172 1014 2232 dialectiea.
1041 2172 1087 2228 ιιι
1137 2156 1246 2211 vitietur
1260 2173 1338 2229 aeqtte
1354 2160 1454 2215 hostum
1470 2161 1509 2216 illi
1524 2162 1587 2233 speria
1603 2165 1676 2233 paris
1689 2174 1731 2220 est
1749 2168 1934 2239 meritiouid

293 2261 366 2317 euim
383 2264 514 2317 transitus
526 2261 560 2315 de
576 2262 670 2315 lralsitu
687 2263 720 2315 ad
734 2272 838 2330 aetum,
856 2264 926 2319 sicut
943 2264 991 2317 ihi.
1007 2264 1083 2331 ltorn,
1136 2262 1202 2315 ergo
1229 2252 1341 2320 prodest
1370 2254 1442 2322 «puori
1475 2254 1540 2310 iilud
1571 2265 1614 2312 est
1649 2272 1717 2327 opus
1745 2262 1934 2329 prudentius!

293 2363 399 2423 quanto
415 2355 476 2424 pitis
492 2354 594 2422 aliquid
607 2353 708 2421 justins
723 2354 799 2419 iacit,
814 2365 890 2410 tauto
913 2357 1000 2423 magis
1017 2357 1086 2410 uitat
1137 2339 1228 2396 Prima
1250 2355 1293 2399 est
1310 2344 1387 2401 falsa.
1404 2346 1487 2413 item,
1514 2350 1604 2407 omnis
1624 2352 1731 2419 iustitia
1752 2364 1795 2410 est
1810 2357 1934 2425 hostiles.

295 2462 348 2505 stou
367 2448 485 2519 agenda,
498 2457 525 2503 et
542 2448 748 2502 urinusomittit
764 2451 881 2517 agenda.
901 2463 967 2518 erpo
980 2458 1085 2519 priamo
1138 2449 1202 2505 ergo
1215 2437 1286 2506 quod
1306 2437 1408 2507 iussim
1429 2451 1471 2496 est
1497 2443 1594 2499 melius
1620 2455 1671 2501 est.
1688 2446 1821 2505 l'allacia.
1836 2450 1934 2512 omens

290 2538 404 2616 justins,
424 2549 501 2596 tinto
515 2540 689 2610 prudentius.
707 2539 850 2596 Conclusio
861 2548 948 2609 potest
962 2556 1022 2598 osso
1036 2542 1085 2596 nu.
1136 2533 1317 2600 grammatica
1332 2543 1375 2589 est
1396 2535 1511 2596 scientia
1523 2575 1532 2604 ,
1543 2552 1620 2610 erpo
1641 2550 1745 2610 quanto
1758 2544 1872 2614 doctior
1883 2548 1936 2604 eli·

292 2629 355 2710 ples
370 2640 399 2684 ut
415 2634 462 2687 liat
482 2631 654 2700 cotttparetio
668 2631 741 2686 iuter
760 2632 884 2687 habitum
900 2642 928 2689 et
947 2633 1083 2702 habitum,
1137 2627 1199 2695 qttis
1210 2628 1236 2681 in
1252 2628 1432 2698 grammatica
1448 2639 1523 2688 tanto
1535 2635 1677 2692 scientior.

293 2724 336 2779 uel
356 2724 521 2779 interuentu
543 2734 571 2780 et
585 2740 675 2789 usum,
694 2735 721 2780 et
736 2734 801 2782 tunc
824 2725 923 2782 falsum
937 2738 989 2791 est,
1008 2737 1035 2783 et
1056 2728 1084 2783 in
1172 2720 1282 2788 item,si
1297 2739 1393 2782 ornnes
1405 2724 1523 2783 uirtutes
1536 2728 1563 2782 ιιι
1575 2744 1739 2800 quocunqne
1752 2741 1832 2797 sum,
1848 2750 1937 2805 pm,

292 2814 430 2885 praedictis
453 2813 544 2869 danda
560 2823 602 2869 est
627 2814 770 2875 instantia.
797 2817 876 2883 item,
895 2826 1027 2887 quasdam
1039 2817 1085 2887 ju.
1136 2824 1211 2883 sunt,
1227 2817 1366 2886 quomodo
1392 2818 1423 2875 ht
1439 2821 1636 2880 incrementum
1659 2821 1934 2883 uirtutnruiseenu-

294 2908 473 2977 stusaliquis,
496 2917 600 2968 tantuna
617 2910 737 2978 prudens
761 2920 814 2976 est,
837 2925 902 2980 ergo
914 2926 996 2985 quarn
1010 2910 1085 2980 juste
1114 2979 1115 2982 Ἴ
1135 2908 1199 2962 dam
1213 2912 1428 2974 essentianinon
1443 2913 1487 2978 ht;
1504 2912 1533 2967 ht
1546 2930 1609 2970 vero
1621 2918 1770 2971 seeundum
1782 2918 1934 2990 elltetnmp

288 2998 394 3068 ¹aliquid
409 3002 476 3070 apit,
490 3010 545 3055 tam
563 3001 710 3071 prudenter
728 3016 736 3054 :
756 3003 829 3079 quod
844 3020 938 3059 uorum
952 3013 994 3058 est
1007 3002 1083 3065 laeta
1135 3012 1201 3069 erpo
1220 3009 1326 3057 insitum
1342 3000 1469 3059 edoctum
1485 3004 1568 3060 hahet
1592 3005 1618 3059 in
1636 3004 1687 3060 islo
1705 3006 1826 3076 justitia.
1843 3025 1937 3080 quan·

294 3094 499 3160 comparatione
515 3092 684 3162 interipsum
700 3095 871 3161 prudentiam
885 3106 912 3151 et
926 3094 1081 3165 justitiam3
1137 3103 1192 3149 tunt
1210 3094 1365 3164 prudentia,
1379 3106 1406 3151 et
1421 3096 1458 3152 ita
1472 3113 1555 3168 otram
1568 3095 1658 3165 justus
1669 3107 1721 3164 est,
1739 3108 1795 3154 tant
1807 3106 1936 3169 prudens

295 3181 405 3251 inissem,
420 3185 442 3242 si
460 3185 530 3244 inter
543 3202 623 3243 osum
641 3184 721 3254 hstias
733 3196 761 3242 et
777 3202 855 3245 ustnn
871 3188 952 3244 iilius.
966 3188 1044 3246 Unde
1055 3200 1083 3250 et
1097 3199 1118 3264 c
1135 3200 1188 3245 est.
1208 3189 1286 3256 Qitod
1311 3187 1422 3259 peridem
1448 3203 1542 3245 terum
1566 3200 1609 3247 est
1623 3192 1646 3247 si
1661 3191 1701 3247 sie
1727 3192 1885 3267 intelligas,
1904 3197 1934 3256 id

291 3279 332 3355 sie
359 3280 514 3340 instandum
551 3299 600 3354 per
633 3281 955 3356 expositionemztiuam
994 3283 1082 3338 hotius
1136 3291 1190 3348 est,
1208 3292 1262 3338 tani
1276 3283 1376 3338 hahilis
1388 3284 1548 3340 discernere
1569 3285 1753 3346 interbonuna
1766 3297 1795 3346 et
1810 3289 1933 3359 malum,

291 3375 488 3452 msutmatieus
511 3385 551 3432 est
575 3377 636 3442 iste.
663 3386 716 3433 tam
731 3375 876 3435 bonusest
899 3373 1080 3442 dialectiens;
1135 3389 1217 3452 quam
1229 3375 1328 3433 leubilis
1346 3375 1462 3434 reddere
1476 3376 1709 3450 antoninuequod
1726 3393 1806 3442 suum
1822 3387 1879 3440 ess.

328 3522 384 3596 (ιιι
404 3525 462 3586 Nou
478 3531 551 3586 enim
568 3545 621 3586 non
637 3531 738 3588 hahent
755 3531 890 3599 habitum,
907 3531 971 3602 qttia
988 3546 1041 3586 non
1056 3532 1158 3589 liabent
1172 3550 1261 3589 usum.

293 3754 1924 3791 mw-Q———v—--n--q

626 3901 922 3994 middlehilli
940 3904 1046 3966 LlBRl
1063 3902 1213 3984 Quhn'rt
1233 3906 1549 3972 DlSTlNCTlONES.

324 4250 419 4309 usion
434 4253 520 4306 suncti
533 4252 579 4320 qni
592 4252 697 4318 inessent
708 4261 769 4307 onte
789 4253 927 4304 aduentum
944 4247 1040 4302 Christi
1059 4261 1213 4303 mernerunt
1227 4251 1261 4304 nd
1277 4250 1409 4319 infernum
1425 4251 1601 4307 descendere!

322 4323 362 4379 De
371 4324 469 4377 uirtute
480 4323 700 4384 circumcisionis.
711 4332 734 4375 et
747 4321 895 4391 differentia
910 4320 991 4387 ipsius
1002 4320 1037 4372 od
1054 4319 1223 4386 erpuinum.

322 4391 361 4447 De
376 4392 613 4456 ceremonialiter,
628 4400 717 4445 strnue
728 4401 811 4446 esseut
824 4387 1021 4444 odseroontihns
1035 4404 1116 4445 causo
1132 4391 1227 4445 solatis
1241 4392 1368 4454 oeteruoei

324 4461 373 4515 titi
388 4464 475 4514 decem
486 4469 615 4526 precepto
630 4457 696 4527 lepis
709 4473 852 4528 ponuntur,
864 4470 889 4513 et
903 4459 1033 4529 queritur
1045 4466 1135 4514 ulrum
1152 4458 1228 4514 iireot
1243 4461 1332 4530 [orere
1346 4465 1507 4519 corstroristm
1519 4462 1601 4519 eliciti
1617 4468 1729 4522 eorrtmi

320 4530 360 4586 lie
376 4528 514 4584 urendoeio
525 4535 549 4582 et
568 4527 625 4595 ejus
634 4528 778 4591 speciebus.

322 4601 360 4657 de
371 4599 488 4670 perjrsrio
498 4609 523 4654 et
537 4598 622 4652 modis
629 4597 774 4666 insanienti
787 4609 812 4654 st
826 4599 949 4670 perjurii.
1352 4657 1356 4664 ,

320 4673 359 4725 lle
374 4671 541 4737 conceptione
553 4667 672 4728 Domini.
684 4676 708 4721 et
721 4679 809 4723 sttruos
822 4685 885 4728 earo
898 4670 956 4738 ejus
967 4669 1048 4739 {uerit
1063 4671 1195 4728 decimato
1210 4671 1237 4726 iu
1255 4670 1411 4730 dissitum?

283 4813 293 4866 ί
320 4741 419 4822 iltutus
431 4740 534 4813 ohipstid
544 4738 605 4809 ierit
616 4735 706 4792 Filius
720 4738 789 4808 quod
801 4755 853 4794 non
870 4737 950 4793 Potes
965 4739 1005 4794 oei
1023 4739 1339 4811 apollinaristaeque
1353 4760 1457 4800 curisesn
1478 4752 1632 4819 assumpsit,
1649 4763 1674 4812 et
1688 4769 1723 4808 ost
1738 4751 1826 4812 Pater
1834 4762 1922 4826 potnit

282 4829 284 4831 ’
295 4827 427 4866 ttchrhttrt.

285 4879 617 5006 1‚u‡,'⁸p?fi„psss³ffi⁸f'gssm⁸
632 4879 685 4934 sint
696 4893 763 4934 eeroe
778 4878 896 4936 :Divina
909 4890 1006 4937 natura
1021 4882 1171 4953 assumpsit
1184 4883 1335 4941 humanam
1350 4897 1476 4944 naturam
1487 4905 1496 4954 ;
1508 4891 1600 4946 diviua
1624 4907 1742 4965 persons
1762 4905 1922 4970 assumpsit

318 5023 360 5074 Au
374 5028 470 5071 statura
481 5021 678 5084 personamus!
689 5021 800 5092 personis
813 5038 953 5091 personans
965 5024 1135 5093 insumpserit
1147 5024 1160 5077 i

318 5094 358 5141 Au
375 5086 497 5141 Christus
512 5088 642 5152 snpientia
653 5103 741 5144 orento
755 5094 827 5146 sciuit
843 5096 933 5147 ontnio
944 5111 1003 5164 pisce
1014 5094 1112 5148 sciehat
1126 5093 1216 5147 diuino
1238 5100 1359 5154 seientia.
1812 5153 1818 5160 .

318 5158 494 5284 diffinitus
507 5157 599 5211 irudnit
611 5158 766 5214 eitorittuem
782 5165 859 5218 modo
883 5165 941 5231 vitu,
954 5168 993 5220 vel
1006 5165 1083 5219 ntodo
1095 5165 1199 5234 potrus,
1217 5169 1261 5222 tthi
1283 5172 1492 5225 determinentur
1503 5189 1563 5245 puer
1576 5174 1611 5228 ad
1632 5177 1790 5232 charitatem
1815 5179 1921 5240 Christi

280 5245 357 5354 pezio
373 5249 493 5353 dinisius
500 5297 606 5377 puriter·
618 5299 711 5350 tuentii
727 5302 848 5354 omnihus
862 5304 916 5355 sitis
937 5305 1080 5370 operihusi

279 5371 452 5495 ἅέιιιιααιιειιι
472 5370 610 5421 dotntttatt
625 5367 738 5436 utheret
757 5370 919 5438 ditissimi,
941 5385 964 5426 et
990 5376 1014 5427 at'
1042 5375 1160 5429 Cinistus
1182 5378 1207 5432 in
1236 5381 1353 5436 humone
1377 5393 1475 5438 ustura
1501 5386 1597 5439 meruit
1616 5385 1717 5457 ahquid
1743 5391 1869 5464 occipere
1890 5395 1921 5448 itt

319 5510 360 5566 [le
373 5478 508 5563 nolentata
524 5506 624 5563 Christi
637 5513 780 5566 secundum
796 5511 1005 5568 sensualitatem.

279 5579 356 5716 mili
376 5597 406 5700 ‘i'
427 5595 508 5650 quant
526 5577 617 5633 lrahuit
645 5583 788 5636 seeundum
813 5585 953 5650 sotionem,
978 5600 1012 5638 nn
1037 5586 1186 5641 eorroeniret
1210 5605 1269 5642 eum
1294 5591 1427 5647 oolurttote
1454 5592 1611 5651 iudeorum
1638 5601 1684 5668 ptri
1711 5601 1770 5671 ejus
1800 5615 1919 5661 snorum

324 5667 338 5700 a
358 5667 412 5704 an.
1784 5671 1788 5678 ·

314 5718 356 5842 ἐξ
367 5720 490 5845 legibiliter:
500 5719 590 5845 dogm:
602 5719 780 5789 ipsosuntinnt
797 5721 835 5781 uel
848 5723 1026 5793 difficultatem
1045 5728 1161 5786 ‘sciendi
1172 5729 1279 5801 honum,
1289 5731 1328 5790 oei
1344 5724 1523 5793 necessitatem
1536 5738 1676 5799 ptinendi.

420 5807 445 5844 nt
483 5807 517 5846 int
592 5824 601 5843 .
