4425 6450
320 409 384 494 jffl
761 403 956 462 austtodts
976 404 1124 462 tonans
1142 399 1516 466 sentnctllltsmcudsts
1911 406 1964 463 ibt»

327 527 395 588 ltent
410 527 501 593 inniti,
520 535 550 582 ut
566 541 598 581 ea
613 524 723 580 studeat
739 521 830 578 iacere
851 524 1002 580 strenuitas
1020 525 1124 591 militis,
1139 527 1163 585 Α
1176 526 1270 597 risque
1282 526 1410 581 uitiorum
1424 522 1585 580 mmultibus
1601 523 1737 586 distracti,
1752 523 1829 592 quad
1846 536 1860 576 ε
1874 532 1966 578 trans·

326 636 388 695 quae
401 634 467 676 tuce
479 620 646 689 praconarta
662 616 786 670 mandari
800 616 851 671 sibi
864 616 972 672 nouerit
981 615 1058 685 jussu
1070 616 1123 672 inr-
1175 628 1257 671 verso
1272 616 1429 685 gradientes
1446 615 1472 668 in
1486 614 1667 683 praecipitium
1695 624 1787 679 ruunt,
1810 615 1843 668 de
1865 614 1965 683 nuribus

327 711 475 784 paraturis.
499 709 626 764 Mandata
650 709 785 777 siquidem
812 709 859 764 bct
875 710 984 765 decreta
999 711 1122 780 quaedam
1172 708 1199 763 in
1214 710 1318 777 psalmo
1331 710 1516 775 scriptumest
1531 724 1538 759 ι
1554 706 1738 760 Veruntamen
1763 717 1873 775 propter
1888 708 1966 761 dolos

328 812 393 859 sunt
407 803 505 857 sumtui
528 802 613 868 regis,
629 817 688 873 quae
707 817 848 872 praecones
864 804 938 856 rerbi
955 804 1002 858 liei
1021 803 1122 858 mundo
1171 798 1287 867 posuisti
1306 799 1357 862 cis,
1374 796 1498 867 rchocisti
1515 810 1563 851 eos
1584 795 1648 848 dum
1664 798 1850 852 allevarentur
1875 794 1964 866 (Paul.

328 892 392 948 buie
408 892 596 958 intonuerunt,
609 903 639 946 ut
651 892 782 947 facientes
793 908 824 947 ea
840 893 932 946 riraut
949 894 975 946 iu
996 891 1047 957 eia,
1059 908 1124 948 con·
1173 888 1270 956 exart).
1296 886 1412 956 Propter
1423 888 1513 952 dolos,
1530 888 1629 956 inquit,
1647 890 1698 943 troc
1710 899 1761 950 cst,
1781 890 1855 957 qrtod
1880 889 1966 942 dolosi

328 991 478 1051 temptores
502 996 568 1037 vero
592 983 760 1050 puniantur:
784 984 848 1052 quia
879 992 1122 1054 qttantumcunque
1172 988 1238 1033 sunt
1251 988 1277 1033 et
1292 976 1320 1031 in
1339 979 1457 1031 raritate
1473 994 1525 1032 non
1541 981 1702 1047 persistunt,
1720 980 1835 1048 posuisti
1853 980 1892 1033 cis
1916 979 1965 1031 de·

327 1072 396 1128 recti
412 1074 529 1144 speeiem
546 1082 659 1128 terreant
674 1090 769 1144 opera,
787 1075 809 1129 si
826 1074 941 1129 sormam
956 1075 1123 1145 evangelican
1172 1067 1338 1125 lectationes
1357 1070 1424 1123 istas
1441 1072 1615 1139 temporales,
1632 1081 1660 1125 ιιι
1676 1073 1702 1125 in
1726 1071 1792 1139 ipsis
1807 1070 1939 1124 fallantur
1956 1086 1965 1122 a

327 1164 459 1220 doctrinae
472 1179 525 1220 non
541 1173 643 1234 tenent,
659 1180 796 1221 asummo
809 1166 901 1236 judice
916 1167 1031 1237 reproba
1043 1166 1120 1237 judi·
1173 1161 1295 1229 dejecisti
1309 1177 1357 1217 cos
1372 1164 1399 1216 in
1418 1164 1483 1232 ipsis
1495 1165 1551 1217 suis
1563 1163 1802 1227 delectationibus,
1816 1164 1881 1218 ditm
1897 1162 1966 1216 alle·

326 1264 437 1312 eantur.
1172 1254 1324 1319 vitarentur,
1346 1255 1429 1309 idest
1446 1257 1508 1308 dum
1521 1255 1572 1309 sibi
1591 1256 1710 1309 allcriati
1726 1256 1894 1309 riderentur.
1911 1251 1965 1321 Qui

364 1348 980 1421 Sunteertenonnullisirrgttlarisritae,qtti
996 1350 1120 1420 jejuniis,
1172 1346 1426 1415 vernabilqnepcr
1447 1346 1519 1400 bttuc
1543 1357 1652 1412 pontem
1683 1346 1812 1401 incedunt
1840 1357 1905 1402 sttttt
1924 1346 1965 1412 iti.

325 1439 438 1511 vigiliis,
448 1442 619 1496 orationibus
630 1443 858 1497 extraordinariis
871 1443 955 1498 inulta
967 1443 1019 1498 sibi
1029 1443 1121 1499 lacere
1173 1437 1220 1508 11111
1237 1438 1319 1491 ntnlta
1343 1438 1485 1493 (1110111111
1501 1438 1570 1491 1111111
1591 1452 1674 1507 odila
1689 1439 1832 1507 incipiunt,
1850 1437 1964 1492 111111·

326 1529 399 1588 botta
423 1532 561 1597 videntur,
581 1549 643 1603 noae
666 1543 757 1590 tamen
784 1535 855 1589 bona
877 1551 931 1590 ιιοιι
953 1547 1038 1591 sunt:
1055 1537 1120 1605 quia
1174 1529 1280 1584 duitate
1305 1529 1384 1583 borrae
1408 1530 1626 1583 cortrersationis
1651 1529 1705 1584 Deo
1731 1530 1854 1585 seruiunt
1880 1546 1888 1582 ι
1913 1543 1965 1585 ιιεε

326 1624 474 1680 occasione
498 1625 621 1680 scandali
648 1634 744 1681 contra
770 1625 863 1681 diuina
887 1639 1022 1697 praecepta
1045 1627 1123 1682 inve.
1174 1620 1334 1675 recedentes
1349 1635 1363 1673 a
1377 1620 1478 1689 templo
1494 1619 1551 1690 ejas
1567 1621 1610 1676 die
1624 1636 1656 1676 ac
1673 1633 1763 1686 nocte,
1777 1622 1824 1677 sed
1839 1633 1966 1691 tempore

326 1714 460 1771 pluuntur:
475 1715 544 1770 alins
556 1715 765 1772 inscinderatum
779 1716 882 1772 liabens
894 1716 982 1771 zelum
995 1717 1121 1787 justiciae,
1174 1712 1332 1767 tentationis
1357 1713 1527 1780 ianitrineotr,
1544 1715 1608 1768 dmn
1629 1714 1721 1769 uultus
1741 1714 1838 1784 incipit
1863 1713 1966 1783 pallere

326 1812 423 1860 eotttra
444 1806 609 1861 uoluntatem
619 1805 639 1862 Α
645 1807 742 1876 postoli
765 1806 853 1878 (nom.
870 1809 927 1878 xit)
941 1808 1046 1877 judicat
1060 1824 1121 1865 scr·
1173 1802 1286 1873 vigiliis,
1303 1817 1402 1873 corpus
1413 1802 1524 1873 jcjrruits
1537 1820 1716 1870 marcessere,
1732 1805 1796 1859 dnm
1809 1805 1874 1861 ltine
1887 1805 1965 1860 asina

326 1906 393 1948 runt
420 1894 551 1962 alienum,
574 1895 646 1951 aliua
672 1898 764 1965 specie
789 1897 1007 1954 mansuetudinis
1033 1900 1123 1955 aelam
1138 1896 1160 1952 B
1175 1896 1261 1963 getuit
1276 1894 1327 1949 snb
1343 1910 1438 1961 onere,
1459 1894 1534 1952 illittc
1549 1896 1713 1966 qtrarrdonuc
1729 1896 1826 1967 pungit
1856 1896 1966 1951 rexatiu

326 1985 462 2042 subvertit
472 1985 586 2055 justitiae
593 1996 620 2040 et
628 1987 776 2058 aequitalis.
785 1987 851 2054 Quae
861 1989 952 2044 omnia
965 1987 1034 2043 mala
1046 1999 1120 2056 sunt,
1173 1984 1270 2042 alienae
1280 1986 1407 2052 maliciae.
1422 1988 1558 2043 retardari
1571 1988 1716 2056 incipiunt,
1725 1998 1752 2043 et
1762 1988 1789 2043 itt
1803 1989 1964 2052 tentatione,

326 2072 393 2132 lieet
407 2077 478 2132 bona
493 2078 662 2145 rideantur,
678 2078 744 2148 quia
760 2087 858 2135 eontra
875 2080 968 2136 divina
983 2089 1120 2150 praecepta

327 2168 515 2224 inueniuntur.
539 2169 595 2226 llac
621 2171 758 2241 estquod
783 2172 810 2226 itt
835 2171 937 2241 templo
965 2173 1121 2231 Salomonis

325 2273 405 2316 mare
419 2274 525 2316 aeneum
541 2262 642 2319 dieitur
660 2265 734 2334 poni,
752 2265 778 2320 in
799 2280 854 2335 qao
870 2266 1031 2323 sacerdotes
1044 2265 1122 2323 obla·

327 2350 382 2405 turi
404 2351 519 2418 bestias,
542 2368 640 2409 ananus
663 2368 727 2409 suas
749 2354 888 2413 lavabant.
903 2354 951 2411 Ubi
972 2370 1021 2427 per
1045 2372 1122 2413 mare

324 2456 432 2497 aeneum
455 2442 497 2498 lex
521 2444 623 2510 diuina,
645 2460 695 2515 per
713 2460 811 2501 manus
842 2448 1018 2519 operationes
1046 2450 1122 2506 acci·

326 2538 437 2609 piendae
455 2548 528 2593 sunt.
542 2539 714 2610 ¹Quicunque
729 2555 796 2614 ergo
816 2542 985 2599 sacribcium
1010 2543 1121 2616 dignum

326 2627 386 2686 lieo
405 2630 463 2684 uult
478 2630 588 2696 ullerre,
608 2632 688 2688 debet
710 2650 808 2691 manus
831 2650 896 2691 suas
911 2635 1005 2692 latare
1026 2638 1053 2692 in
1069 2637 1122 2695 bue

285 2756 290 2767 ·
326 2721 397 2778 tuari
412 2737 504 2790 aeneo,
522 2724 603 2780 idest
617 2727 792 2796 operationes
809 2743 874 2784 suas
888 2730 1039 2787 seeundum
1050 2747 1122 2801 prae·

325 2818 407 2881 oapta
421 2812 512 2868 ditina
526 2813 664 2884 dirigere:
680 2815 731 2873 bue
746 2819 895 2876 mareaiibi
907 2822 1035 2892 crystallo
1046 2837 1122 2879 com·

329 2912 455 2973 paratur,
475 2914 503 2959 ut
524 2906 551 2961 in
568 2905 749 2979 Apocalypsi:
766 2910 800 2964 llt
818 2911 844 2965 in
866 2923 1014 2984 conspeetu
1032 2916 1120 2985 tedis,

327 2994 428 3064 lttqnit,
456 3005 517 3050 erat
540 3005 669 3068 tanquam
694 3016 770 3058 mare
791 3004 909 3060 vitreum
936 3006 1025 3063 simile
1056 3022 1122 3078 cry·

325 3084 419 3141 stallo.
433 3085 507 3142 Sicut
527 3089 599 3143 enim
612 3091 757 3161 crystallus
780 3092 850 3164 lapis
870 3096 1052 3166 clarissimus,
1071 3101 1120 3156 ob·

324 3175 399 3247 lectu
424 3179 491 3235 solis
517 3182 679 3241 scintillulas
702 3186 772 3256 ignis
791 3202 824 3241 er
840 3203 870 3245 se
884 3189 998 3256 emittit,
1018 3192 1059 3247 sle
1076 3191 1119 3250 lex

327 3270 423 3327 dirina
440 3288 526 3342 opere
541 3276 689 3347 adimpleta
702 3319 709 3344 ,
723 3280 848 3351 exemplo
860 3281 995 3337 botrorum
1006 3298 1121 3354 operum

327 3361 357 3418 ln
371 3364 502 3420 cordibus
514 3366 635 3423 tideliurn
652 3371 742 3441 ignem
756 3371 900 3427 clraritatis
916 3376 1052 3431 accendit.

365 3453 437 3510 Sunt
450 3457 532 3512 etiam
549 3469 577 3514 ct
593 3461 663 3515 clari
681 3464 843 3529 necessarii,
859 3473 889 3518 ut
904 3465 1121 3525 lirrnitcreobae·

326 3553 522 3607 reatmaclrina
536 3559 619 3610 totius
630 3558 733 3625 operis,
742 3558 789 3626 qui
799 3568 863 3613 sunt
875 3570 994 3629 quatuor
1006 3561 1120 3618 uirtutes

326 3641 494 3712 principales
515 3661 522 3700 ι
541 3647 660 3717 justitia,
680 3647 825 3716 tortitudo,
844 3651 1003 3720 prudentia,
1016 3664 1120 3724 tempe·

327 3733 430 3799 tentia,
449 3736 475 3790 in
496 3735 599 3806 ,quibus
621 3739 676 3794 vita
697 3741 831 3796 bonorum
849 3756 963 3810 operum
981 3745 1119 3814 consistit,

327 3833 359 3879 ut
377 3825 405 3881 in
423 3825 465 3882 bis
484 3843 545 3898 quae
566 3829 637 3886 bene
660 3830 765 3903 agenda
785 3842 859 3899 sunt,
873 3832 983 3901 iustitia
998 3836 1120 3907 praebeat

327 3925 433 3973 rectum
446 3919 599 3988 judicium:
615 3921 767 3992 fortitudo,
787 3926 920 3981 auxilium
936 3944 943 3980 ι
959 3930 1118 3999 prudentia,

326 4011 474 4073 consilium
489 4031 496 4069 ι
515 4017 704 4088 temperantia,
718 4018 859 4076 solatium.
876 4019 961 4079 Ponte
975 4023 1057 4091 igitur
1067 4025 1121 4082 lroc

326 4105 370 4161 sie
393 4118 595 4176 consummato,
611 4114 740 4168 torrentis
761 4113 841 4182 bujus
866 4125 943 4186 patet
966 4120 1119 4176 mansitttsa

328 4212 381 4253 nec
392 4207 434 4255 est
445 4198 502 4268 lam
520 4214 570 4254 eur
584 4202 711 4270 desperet
729 4206 926 4273 pusillanimis,
941 4223 992 4264 cur
1003 4212 1120 4268 desistat

328 4286 437 4353 dabilis,
450 4303 501 4343 cur
515 4289 607 4344 deviat
620 4290 743 4360 ignarus,
755 4309 805 4349 eur
818 4307 915 4367 pareat
927 4299 1120 4359 formidolosus

327 4392 380 4433 our
395 4391 449 4432 non
465 4378 578 4448 incipiat
593 4381 734 4449 paruulus,
753 4399 804 4439 eur
817 4402 872 4443 non
886 4389 1028 4458 perveniat
1041 4392 1121 4448 adul-

1175 2077 1221 2134 ubi
1240 2080 1326 2135 sortes
1340 2095 1400 2137 csse
1413 2081 1576 2148 debuerant,
1596 2081 1663 2136 ibia
1690 2084 1761 2138 lieno
1786 2097 1870 2150 opere
1890 2082 1966 2137 desi·

1173 2182 1260 2237 stunt,
1277 2174 1423 2244 dequibus
1438 2176 1574 2246 seriptum
1593 2185 1651 2231 cst:
1680 2175 1740 2231 Filii
1769 2176 1888 2245 liplrrcm
1921 2176 1965 2228 in-

1173 2267 1317 2323 tendentes
1334 2277 1362 2323 et
1376 2269 1517 2325 mittentes
1532 2284 1636 2330 areum,
1652 2270 1778 2325 cartrersi
1795 2278 1858 2325 sunt
1878 2270 1904 2324 itt
1921 2270 1965 2325 die

1172 2357 1237 2415 belli
1253 2356 1343 2429 (Psoi.
1359 2360 1477 2429 uxrrttl.
1492 2359 1555 2415 Filii
1569 2360 1697 2430 Epltrctn,
1710 2360 1737 2414 id
1759 2372 1801 2416 εει
1817 2362 1964 2417 lruetilica·

1174 2448 1270 2515 lionis,
1286 2450 1332 2519 qni
1352 2450 1471 2506 fructum
1495 2451 1588 2507 lacere
1601 2452 1761 2517 debuerant,
1790 2451 1964 2510 intendentes

1172 2550 1201 2599 et
1212 2540 1355 2597 mittentes
1366 2557 1473 2607 arcura,
1489 2541 1540 2596 ltoc
1554 2550 1606 2608 εει,
1622 2557 1739 2614 pugnam
1753 2541 1965 2613 lortiteragprc·

1173 2629 1291 2698 dientes,
1302 2632 1428 2697 conuersi
1444 2641 1508 2689 sunt
1535 2643 1685 2688 retrorsum
1704 2633 1731 2687 in
1746 2633 1791 2690 die
1816 2632 1891 2699 belli,
1913 2634 1965 2691 boe

1172 2730 1227 2788 est,
1252 2722 1418 2793 intempore
1437 2725 1608 2779 tentationis.
1627 2723 1679 2792 Qui
1696 2738 1761 2779 vero
1785 2724 1890 2781 directe
1913 2740 1965 2797 per

1174 2815 1264 2888 ipsum
1279 2819 1442 2890 gradiuntur
1455 2830 1521 2874 sum
1532 2818 1572 2882 lti,
1596 2819 1642 2889 qui
1660 2819 1686 2874 in
1701 2827 1775 2875 terra
1792 2818 1874 2887 bajus
1889 2837 1963 2878 utor·

1174 2908 1237 2966 talis
1249 2910 1314 2966 ritae
1329 2912 1420 2965 adbuc
1436 2911 1515 2980 positi
1533 2919 1655 2966 torrente
1673 2911 1836 2983 interposito
1860 2923 1963 2969 terrain

1173 3002 1324 3057 virentium
1344 3012 1406 3057 roto
1431 3013 1459 3058 et
1473 3003 1610 3058 desiderio
1626 3003 1796 3070 respiciunt:
1821 3014 1849 3061 et
1872 3019 1965 3060 exeru-

1173 3091 1229 3163 plis
1246 3101 1404 3148 serratorum
1429 3093 1549 3159 accensi,
1566 3094 1704 3150 mandatis
1731 3095 1830 3150 divinis
1852 3096 1963 3162 erttditi,

1172 3182 1289 3238 virtutes
1302 3194 1330 3239 et
1342 3198 1437 3253 opera,
1455 3198 1516 3254 que
1536 3194 1629 3241 mente
1641 3193 1838 3256 conceperunt,
1852 3187 1965 3245 student

1172 3276 1243 3333 bene
1258 3277 1376 3333 rirendo
1391 3277 1553 3346 adimplere,
1567 3277 1694 3334 bibentes
1718 3294 1779 3334 rum
1795 3278 1905 3335 cbristo
1930 3279 1965 3333 dc

1173 3379 1297 3426 torrente
1309 3370 1456 3438 passionis,
1471 3380 1499 3422 ut
1519 3383 1582 3424 cunt
1598 3368 1657 3438 ipso
1671 3369 1842 3425 inebrientur
1862 3371 1964 3440 gaudio

1171 3461 1272 3517 futurae
1284 3462 1507 3517 resurrectionis.
1524 3462 1553 3516 tu
1565 3461 1617 3517 Ιιοε
1631 3462 1705 3517 ειιῑιιι
1719 3461 1846 3518 cbristus
1862 3465 1896 3519 de
1909 3475 1965 3520 ter·

1172 3562 1252 3610 rente
1268 3553 1295 3607 in
1313 3553 1357 3607 tia
1371 3553 1448 3614 bibit,
1465 3553 1492 3608 iu
1509 3554 1561 3608 ltoe
1577 3554 1711 3608 exaltarit
1723 3564 1817 3624 caput,
1833 3564 1862 3610 ut
1876 3557 1903 3612 iti
1915 3558 1962 3627 qtti

1172 3658 1220 3714 per
1232 3643 1313 3712 buius
1326 3644 1410 3699 seculi
1426 3659 1538 3714 agones,
1563 3658 1612 3712 per
1635 3646 1833 3703 amaritudines
1857 3650 1964 3718 passio-

1172 3752 1236 3792 num
1254 3737 1421 3806 inpraesenti
1444 3739 1499 3792 rita
1520 3737 1711 3804 humiliantur,
1734 3737 1762 3792 in
1790 3738 1963 3806 joettntlitate

1171 3827 1272 3883 futurae
1288 3827 1381 3899 glorian
1396 3845 1458 3883 curn
1474 3831 1533 3898 ipso
1549 3829 1639 3901 capita
1663 3842 1713 3885 suo
1725 3828 1892 3886 exaltentur.
1914 3831 1963 3887 Est

1171 3931 1261 3978 autem
1278 3930 1360 3991 capnt
1375 3921 1446 3977 istud
1462 3919 1598 3985 Christus,
1613 3921 1647 3977 de
1662 3937 1716 3991 quo
1730 3921 1796 3977 dicit
1806 3922 1963 3991 Apostolus,

1171 4013 1244 4082 quod
1258 4012 1400 4068 coristitnit
1413 4028 1474 4067 eunt
1485 4023 1567 4081 capnt
1577 4011 1786 4083 Ecclesiae,qrrae
1800 4028 1902 4083 eorpus
1918 4013 1961 4083 ip-

1170 4102 1228 4163 sius
1241 4115 1283 4157 est
1294 4101 1403 4173 (Epiros.
1416 4102 1454 4173 ι).
1480 4103 1568 4173 Caput
1584 4102 1713 4159 Ecclesiae
1726 4105 1873 4161 autoritate
1883 4119 1962 4161 crea·

1174 4195 1265 4258 lionis,
1277 4204 1358 4265 caput
1369 4194 1498 4250 Ecclesiae
1506 4196 1673 4263 plenitudine
1686 4199 1814 4268 gratiaeet
1826 4198 1962 4264 veritatis.

1172 4286 1391 4356 eaputEcelesiae
1408 4285 1543 4357 principio
1554 4288 1719 4346 Christianae
1737 4290 1885 4360 religionis.
1905 4290 1963 4346 lloe

1172 4385 1255 4447 caput
1267 4387 1383 4447 puratuor
1399 4379 1486 4435 modis
1500 4396 1515 4435 a
1530 4380 1607 4437 uobis
1621 4380 1775 4438 exaltatur:
1799 4385 1898 4454 primo,
1911 4383 1963 4438 itu·

329 4478 383 4526 ιιιε.
408 4470 535 4529 cbristus
557 4475 630 4529 enirn
653 4475 707 4530 dux
735 4476 786 4532 ciae
810 4479 900 4536 lactrrs
925 4482 1120 4550 02110„;S‚„2
1168 4469 1317 4525 aucusitare
1344 4486 1401 4526 suae
1418 4471 1590 4541 rualestatis;
1609 4475 1740 4540 secundo,
1754 4474 1887 4531 velandae
1910 4490 1963 4530 tru-

326 4560 493 4618 custodiat:
519 4566 640 4636 sapiens.
665 4577 695 4623 ut
720 4569 848 4642 dirigat:
875 4583 981 4643 potens,
1004 4587 1033 4632 ιιι
1054 4593 1120 4647 per.
1136 4564 1431 4640 pstraeinllrmitatia;
1453 4566 1547 4632 tertio,
1573 4567 1833 4622 erucernluntariae
1855 4566 1964 4637 passio·

326 4652 420 4709 ducat.

366 4745 394 4802 Si
409 4763 478 4819 ergo
496 4751 537 4807 tis
551 4752 625 4809 bunc
635 4761 785 4810 torrentem
804 4758 982 4826 pertransire,
998 4760 1021 4815 si
1038 4760 1121 4816 Cltri·

329 4848 402 4893 ttlttttt
421 4842 499 4911 cupis
524 4844 637 4912 imitari,
650 4861 701 4916 per
719 4847 799 4917 bujus
821 4851 912 4918 pontis
933 4853 1051 4906 medium
1068 4854 1121 4907 iter

330 4938 408 4986 tuum
424 4933 529 5002 dirige:
544 4946 573 4991 el
587 4938 609 4992 si
629 4936 672 4995 ris
684 4953 783 4996 cavere
795 4942 987 5011 precipitium,
1001 4960 1056 4999 non
1073 4947 1121 5000 tle·

328 5022 417 5079 clines
428 5025 463 5080 ad
476 5027 616 5084 ttexteram
630 5031 671 5086 rel
683 5033 717 5087 ad
731 5033 883 5091 sinistram.
896 5036 966 5093 Sunt
981 5038 1054 5094 euim
1071 5037 1122 5093 ali·

328 5116 389 5185 ιριί,
404 5117 450 5187 qui
467 5133 516 5188 per
530 5120 603 5177 bune
617 5132 729 5192 pontem
740 5142 756 5183 e
769 5138 928 5195 transverso
943 5132 1118 5200 gradiuntur,

329 5217 358 5263 at
370 5209 432 5263 ideo
445 5221 594 5266 eorrttunt:
607 5214 652 5269 alii
667 5232 716 5286 per
727 5217 814 5289 ipsum
826 5221 936 5291 oblique
946 5223 1119 5291 gradiamur,

330 5302 520 5362 etdellcimtt:
544 5305 589 5361 alii
605 5307 723 5376 directe,
751 5321 779 5366 et
801 5322 1004 5382 pertranseunt.
1035 5315 1086 5382 Qui
1105 5331 1121 5369 e

331 5402 491 5452 transverso
505 5411 588 5468 super
602 5402 675 5456 lrune
690 5409 800 5471 pontem
817 5405 991 5473 gradiuntur,
1006 5417 1069 5461 sunt
1081 5406 1120 5461 illi

329 5488 379 5557 qui
396 5502 447 5558 per
469 5488 589 5544 lamenta
610 5493 793 5550 consessionis
818 5505 846 5549 et
868 5497 1040 5566 poenitentiae
1063 5499 1122 5553 rias

332 5594 397 5637 tuat
413 5581 485 5636 mala
499 5582 667 5652 deserentes,
685 5586 738 5642 iter
748 5587 827 5643 bonae
838 5588 983 5660 ritaequod
998 5588 1031 5642 ad
1042 5587 1122 5645 Cbri·

333 5678 405 5725 sturu
414 5670 497 5737 ducit,
510 5674 660 5744 arripiuntz
671 5679 720 5734 sed
734 5679 761 5735 in
776 5678 843 5750 ipsis
854 5679 1034 5749 principiisad
1045 5679 1121 5745 vitia,

333 5777 395 5841 qrrre
406 5763 585 5833 reliquerant,
602 5781 784 5839 revertentes,
805 5771 887 5827 modo
905 5771 1014 5827 luxuria
1030 5771 1121 5826 disso-

335 5855 396 5926 luti,
413 5857 493 5914 modo
504 5861 633 5930 superbia
647 5864 723 5936 ctul,
738 5865 819 5942 modo
834 5865 1029 5925 ambitionibus
1042 5877 1141 5957 castr.-⁸

1173 4663 1230 4724 nis;
1247 4668 1357 4729 quarto,
1373 4659 1549 4731 perplurima
1573 4658 1713 4716 hodiernae
1740 4659 1961 4715 resurrectionis.

1171 4749 1359 4804 lttuneusitate
1378 4764 1434 4805 suae
1446 4750 1599 4822 majestatis
1611 4764 1626 4804 a
1640 4748 1719 4805 nobis
1731 4748 1879 4815 exaltatur,
1893 4763 1963 4821 quo-

1172 4843 1246 4897 niam
1264 4842 1292 4897 in
1305 4842 1347 4898 sui
1363 4851 1461 4897 natura
1477 4844 1630 4897 irunrettsus
1648 4849 1677 4897 ει
1700 4841 1825 4896 infinitus
1849 4855 1962 4897 ontrrem

1171 4943 1326 4990 ereaturam
1340 4932 1461 5001 excellit,
1477 4932 1548 4988 unde
1559 4930 1627 4988 tub:
1657 4931 1798 4988 Excelsior
1819 4941 1861 4988 est
1877 4930 1961 4998 coelo,

1171 5039 1200 5083 et
1220 5027 1283 5096 quid
1297 5024 1415 5081 iaciant?
1442 5023 1605 5097 profundior
1620 5024 1740 5090 interno,
1768 5032 1797 5079 ει
1818 5022 1890 5077 unde
1911 5036 1962 5078 co·

1171 5119 1324 5190 pttoscaml
1342 5117 1460 5188 Longior
1482 5125 1525 5172 est
1541 5124 1613 5172 terra
1634 5129 1761 5172 mettsura
1777 5113 1846 5183 eius,
1867 5121 1896 5169 et
1919 5112 1961 5168 la·

1172 5211 1259 5268 titudo
1274 5211 1342 5266 utari
1358 5209 1419 5283 (lob
1432 5211 1482 5280 st).
1510 5208 1650 5265 velamine
1667 5216 1768 5263 nostrae
1788 5204 1957 5259 inlirmitatis

1173 5302 1283 5359 atrabis
1298 5302 1446 5367 exaltatur,
1468 5301 1600 5370 quoidam
1627 5299 1720 5355 anima
1744 5297 1863 5353 bumana
1890 5295 1962 5351 nube

1172 5386 1312 5465 e'orpureac
1327 5392 1524 5448 infirmitatisa
1546 5391 1625 5446 nobis
1645 5391 1803 5457 obscurata,
1828 5402 1885 5444 raon
1907 5386 1962 5442 nisi

1172 5495 1417 5570 perspeculuntet
1439 5493 1466 5555 iu
1496 5491 1634 5559 enigmate
1661 5488 1751 5558 ipsum
1780 5482 1963 5556 contemplari

1172 5589 1312 5659 prevalet,
1327 5583 1514 5642 uudeliarid:
1543 5579 1663 5638 decedet
1689 5579 1819 5636 bonoad
1846 5592 1896 5633 cor
1921 5576 1963 5631 al-

1174 5691 1241 5749 tum,
1258 5690 1286 5738 et
1298 5678 1464 5735 exaltabitur
1474 5676 1547 5732 Deua
1560 5673 1648 5742 (Prot.
1662 5676 1734 5743 mn).
1754 5669 1810 5726 linc
1825 5679 1868 5726 cst
1887 5667 1962 5740 quod

1174 5787 1273 5844 sponsa
1288 5786 1419 5843 sponsum
1432 5769 1460 5824 in
1471 5765 1593 5824 Cauliois
1611 5780 1660 5836 per
1685 5764 1821 5819 lenestras
1848 5769 1876 5816 et
1894 5774 1964 5815 ean·

1174 5861 1268 5936 celtus,
1300 5860 1381 5937 quati
1405 5866 1523 5921 stantem
1549 5864 1628 5923 retro¹
1659 5855 1817 5931 pertatem,
1839 5852 1964 5919 intuetttr
