4425 6450
246 481 307 538 stt

614 473 811 536 sestertias.
829 509 864 520 -
882 476 987 536 seuit.
1006 476 1137 536 xxxid.
1157 478 1191 536 tlt
1207 476 1263 535 bta
1281 474 1536 535 PENTECOSTES.

1838 478 1891 534 tlt

250 591 352 647 illicita
367 589 521 658 desideria;
539 606 587 645 nec
601 592 834 661 reprehenduntur
848 608 944 650 manns
962 593 1048 658 Esau,
1067 602 1089 657 lt
1105 589 1571 661 nodositattoannesavangelista
1581 589 1728 647 nosdoeet:
1739 588 1826 646 lntlnoc
1839 594 1892 646 sei-

250 683 322 748 onia
346 682 374 735 in
393 680 461 750 ipsis
481 679 528 750 pili
551 681 725 749 oriebantur,
743 684 789 738 sed
807 685 870 753 quia
887 701 940 741 non
955 684 1051 754 praei·

250 774 403 828 elebantur.
422 770 508 825 Erant
523 772 594 826 eninr
621 772 726 842 pilosae,
755 774 781 829 id
807 786 848 830 est
872 774 1050 845 plenaepitis;

251 881 401 934 possamus
416 866 487 920 eninr
516 864 620 931 lancere,
648 881 682 920 ne
707 881 796 936 prate
822 869 1001 936 eogitat'ones
1023 867 1051 922 in

253 958 338 1013 nobis
349 957 526 1026 prevaleant,
542 958 589 1011 sed
606 971 659 1012 non
676 972 822 1026 possumus
842 959 931 1015 lacere
950 968 979 1013 nt
998 975 1052 1013 non

253 1056 384 1117 surgant.
403 1044 480 1101 Unde
496 1045 598 1101 Levitis
614 1046 772 1117 praeripitur
784 1046 880 1118 (Nttnt.
895 1052 966 1118 ιιιι),
984 1049 1052 1118 pilos

252 1140 353 1195 carnis
380 1155 438 1196 snae
462 1141 572 1207 radere,
594 1156 649 1197 non
671 1142 799 1202 evellere.
822 1144 965 1211 Quomodo
987 1161 1052 1218 ergo

250 1248 321 1287 curn
338 1232 443 1288 illicitis
467 1233 611 1290 desideriis
635 1235 839 1292 tlinnicandutni
862 1237 943 1295 Certe
965 1239 1052 1295 bonus

251 1325 348 1395 canapi
365 1326 536 1393 doctor,dmn
553 1329 728 1385 adversarius
743 1319 803 1399 eins
814 1329 905 1401 jacnda
923 1333 1051 1399 intendit,

253 1433 370 1472 uranum
386 1418 491 1489 objicit,
507 1430 536 1475 nt
548 1421 668 1476 declinet
681 1421 780 1476 vnlrnns
794 1425 896 1483 cordis.
915 1423 1052 1481 Similiter

253 1508 342 1564 bomo
356 1510 472 1579 quilibet
486 1512 531 1582 qui
547 1513 645 1582 spiritu
662 1514 708 1570 Dei
725 1500 880 1584 agilum-ne
893 1516 984 1586 jaetrla
1000 1516 1053 1573 ini·

254 1599 324 1656 mici
336 1603 469 1671 suscipiat
482 1603 509 1657 in
523 1605 617 1671 eorde,
633 1620 744 1660 trionum
759 1607 879 1676 objicere
894 1609 987 1673 debet,
1002 1608 1054 1666 boc

252 1703 314 1755 εει,
330 1693 395 1749 Ιιοιιί
415 1694 507 1763 ορειίε
523 1697 751 1752 exercitationem
766 1715 773 1765 ;
789 1699 941 1755 circumeat
957 1700 1053 1757 altaria

255 1800 315 1839 ιιοιι
337 1794 444 1840 tautum
470 1786 549 1856 pede,
573 1786 620 1841 sed
645 1788 799 1853 devotione,
816 1788 905 1858 pulset
927 1791 1054 1859 precibus

254 1891 346 1931 aures
362 1875 421 1944 bet,
443 1878 574 1950 sttliragia
595 1890 755 1936 sanctornm
774 1880 941 1952 interpellet,
960 1882 1054 1937 iratri-

1105 700 1167 738 mus
1190 681 1320 754 quomam
1337 683 1363 737 in
1380 689 1388 734 t
1404 683 1489 739 bristo
1504 697 1657 748 nranemus,
1672 682 1734 752 quia
1751 681 1783 735 de
1795 681 1891 752 spirita

1103 777 1161 846 ejus
1183 774 1345 845 accepimns.
1372 777 1406 832 lit
1427 777 1531 831 utinam
1557 775 1623 830 anibi
1644 790 1708 845 pars
1731 774 1813 829 sitin
1835 788 1893 827 ser·

1104 882 1186 921 mono
1209 868 1270 932 boe,
1294 874 1325 919 ut
1343 880 1393 936 ego
1410 867 1436 920 in
1452 865 1563 920 Cirristo
1587 877 1710 942 romanens,
1736 862 1768 916 de
1794 859 1892 931 spiritu

1104 960 1266 1028 acceperim,
1286 959 1436 1028 prasertim
1461 960 1495 1012 de
1517 957 1620 1026 Spiritu
1643 966 1738 1012 sancto
1754 954 1893 1010 locntnrus

1103 1052 1167 1122 qnia
1187 1065 1267 1107 nemo
1288 1051 1338 1105 uisi
1355 1052 1382 1106 in
1398 1049 1501 1119 Spiritu
1515 1048 1562 1105 liei
1586 1050 1699 1117 loqrrens
1719 1050 1816 1119 diguus
1834 1049 1894 1102 lau-

1104 1142 1184 1198 dator
1198 1143 1271 1197 illius
1284 1150 1373 1211 potest
1385 1140 1513 1198 inveniri.
1528 1141 1633 1210 Tangat
1645 1140 1727 1211 igitur
1742 1141 1813 1194 idern
1829 1139 1891 1209 Spi-

1105 1234 1173 1289 ritus
1200 1249 1248 1289 eor
1274 1249 1362 1292 aueum
1391 1232 1534 1289 dulcedine
1563 1233 1715 1304 praesentior
1739 1248 1811 1296 suae,
1836 1232 1891 1287 inne

1103 1326 1176 1382 sicut
1195 1326 1273 1396 adipe
1290 1336 1318 1381 et
1336 1326 1501 1396 pinguedine
1524 1325 1661 1396 repleatur
1677 1325 1767 1379 anima
1781 1340 1851 1387 mea,
1867 1332 1896 1381 e:

1105 1419 1198 1475 unctio
1211 1418 1343 1487 spiritalis
1355 1419 1452 1474 doceat
1464 1417 1567 1483 omnia,
1583 1433 1643 1487 ottae
1655 1426 1683 1472 ει
1698 1425 1780 1471 tantae
1795 1416 1897 1470 solem·

1104 1511 1184 1565 nitati
1209 1522 1373 1582 congruant,
1392 1520 1420 1567 ct
1445 1520 1545 1567 nostrae
1571 1511 1717 1582 proficiant
1745 1510 1894 1568 tlenotioni

1104 1601 1139 1656 Et
1159 1602 1271 1673 atridem
1294 1604 1345 1659 ista
1362 1605 1456 1658 unctio
1469 1604 1583 1673 spiritns
1596 1603 1745 1658 multilarie
1761 1606 1896 1674 premissa

1103 1702 1158 1758 est,
1175 1693 1302 1750 videlicet
1314 1695 1456 1764 singulari,
1466 1695 1594 1765 spiritaii,
1608 1703 1636 1749 et
1650 1694 1771 1765 generali
1784 1699 1897 1766 prornis-

1105 1783 1191 1838 sioue.
1229 1784 1383 1856 Singularis
1424 1787 1570 1855 promissio
1601 1787 1711 1842 cbristo
1738 1786 1809 1843 lacta
1836 1800 1896 1853 est,

1105 1874 1152 1941 qtri
1183 1874 1361 1945 singulariter
1386 1876 1520 1947 Spiritum
1549 1886 1676 1934 sanctum
1700 1881 1822 1950 accepit,
1850 1882 1896 1935 ubi

255 1966 314 2021 bus
328 1966 389 2021 suis
404 1967 565 2039 betrignurn,
586 1970 706 2040 praeiatis
727 1980 894 2041 promptum,
917 1974 973 2030 lieo
989 1989 1054 2029 vero
1068 1984 1093 2045 ι)
1107 1967 1207 2022 dicitnr
1228 1986 1236 2023 ι
1256 1969 1419 2040 lterpriescet
1441 1985 1522 2039 snper
1544 1986 1605 2026 eum
1630 1970 1750 2042 Spiritus
1777 1974 1896 2038 Domini,

253 2057 337 2126 pium
354 2056 484 2114 cuilibeat
498 2059 681 2130 obsequiurn3
699 2070 727 2117 et
741 2076 803 2117 curn
820 2062 866 2117 tali
880 2077 963 2131 opere
975 2075 1054 2118 seen-

256 2162 310 2203 rus
323 2148 430 2204 invocet
449 2147 580 2219 Spiritum
598 2160 730 2217 sarnetum,
746 2151 881 2209 cultorem
898 2152 996 2207 bortns
1011 2150 1054 2206 sni

257 2242 375 2296 dicens:
393 2238 468 2306 Vetti,
485 2252 585 2307 notter,
600 2243 683 2313 pertin
697 2242 804 2298 bortum
816 2259 914 2298 meant.
928 2242 995 2310 Quis
1013 2253 1055 2301 est

258 2331 316 2386 iste
328 2330 441 2386 hortus?
456 2330 552 2387 bertus
563 2332 704 2397 Ecclesiae,
718 2334 894 2405 congregatio
906 2334 1026 2389 diletione
1044 2351 1052 2402 ;

260 2423 337 2477 boeti
363 2424 528 2495 singulorum
541 2434 646 2481 secreta
659 2437 723 2483 sunt
735 2427 869 2482 cordium.
895 2427 974 2482 Dicat
988 2439 1055 2495 ergo

261 2513 401 2580 Ecclesia,
422 2517 496 2573 dicat
513 2517 640 2587 qualibet
662 2518 750 2575 bdelis
772 2520 874 2583 anima,
894 2517 976 2591 perdo
992 2518 1056 2574 lior·

261 2617 321 2664 tunt
348 2624 450 2664 ιιιειιιιι.
477 2609 570 2667 Prinne
596 2610 658 2665 iolla
678 2628 727 2682 per
746 2613 968 2682 inspirationem,
995 2613 1055 2669 eilia

260 2716 315 2771 per
335 2711 457 2758 sartctam
479 2705 737 2769 cortrersationam,
763 2704 845 2774 perna
863 2721 911 2776 per
925 2708 1056 2763 ιιιιιιιιιιι

259 2794 550 2859 consummationem
575 2793 658 2866 perlla
687 2797 756 2865 dico,
782 2807 809 2852 ει
825 2795 910 2852 duent
933 2808 1055 2853 arctarata

268 2884 354 2939 lrorti.

300 2976 335 3032 Et
349 2993 410 3048 quae
421 2987 485 3034 snm
496 2986 618 3035 aromata
632 2979 715 3047 berti,
729 2996 791 3052 quta
808 2980 928 3052 Spiritus
943 2990 1056 3037 sanctus

262 3068 366 3124 excolit
378 3069 390 3124 i
407 3066 611 3142 interrogemus
623 3072 778 3141 apostolum
791 3071 922 3127 Paulum:
939 3074 1058 3129 Functus

263 3168 360 3215 autern
373 3159 493 3233 Spiritus
508 3172 560 3230 est,
576 3164 675 3235 inquit,
689 3168 828 3237 gandimn,
845 3168 977 3233 cinaritas,
991 3181 1056 3236 par,

214 3281 220 3289 ·
262 3254 410 3323 patientia,
435 3254 639 3326 longanimitas,
661 3259 825 3329 benignitas,
842 3259 961 3322 boninitas,
978 3259 1057 3324 tides,

1105 2058 1219 2127 spiritns
1242 2062 1383 2130 sapientire
1394 2072 1423 2117 et
1435 2062 1600 2130 intellectus,
1620 2065 1733 2135 spiritns
1747 2066 1852 2122 consilii
1869 2078 1898 2123 et

1105 2146 1286 2219 tortitudinis,
1299 2153 1412 2222 spiritus
1428 2154 1550 2210 seientia
1565 2163 1592 2211 et
1611 2156 1741 2226 pietatis:
1765 2166 1793 2211 et
1809 2160 1898 2229 reple-

1105 2239 1145 2294 bit
1160 2256 1221 2297 ennt
1236 2242 1348 2312 spiritns
1363 2243 1470 2300 timoris
1491 2244 1596 2301 bomini
1612 2244 1678 2315 (ito.
1695 2250 1745 2318 at).
1764 2249 1897 2318 Specialis

1106 2333 1252 2401 promissio
1268 2336 1336 2390 iacta
1351 2345 1394 2391 est
1406 2337 1545 2408 apostolis,
1561 2339 1607 2409 qrri
1627 2340 1763 2410 primitias
1779 2341 1897 2413 Spiritus

1107 2434 1276 2493 acceperunt
1301 2426 1373 2481 sicnt
1389 2427 1416 2481 in
1440 2429 1554 2485 Actibus
1578 2431 1762 2500 apostolorum
1787 2433 1896 2503 legitur,

1107 2514 1154 2569 nbi
1167 2517 1268 2572 dictum
1281 2532 1323 2574 εει
1337 2518 1372 2574 de
1390 2520 1461 2575 illis:
1478 2521 1511 2575 Et
1526 2522 1666 2592 accipietis
1683 2524 1811 2578 virtutem
1833 2524 1896 2593 Spi-

1108 2608 1178 2661 ritus
1197 2611 1284 2664 soracti
1307 2612 1526 2682 superrenientis
1548 2614 1574 2668 in
1598 2628 1655 2679 ros,
1675 2622 1702 2669 et
1729 2616 1806 2671 critis
1830 2619 1897 2673 milri

1109 2706 1192 2753 testes
1207 2700 1234 2753 in
1250 2699 1354 2766 iudea,
1367 2711 1394 2756 et
1408 2699 1570 2770 Jerusalem,
1582 2715 1610 2760 ει
1626 2708 1756 2776 usquead
1772 2709 1897 2765 ultimum

1110 2796 1189 2843 terrae
1204 2789 1274 2859 (Act.
1287 2792 1318 2862 ι).
1329 2790 1472 2850 Generalis
1484 2798 1630 2866 promissio
1643 2799 1770 2855 onmibns
1783 2801 1808 2855 in
1821 2801 1899 2856 Clari·

1107 2891 1179 2935 surm
1205 2884 1350 2939 credituris
1375 2885 1448 2942 laeta
1473 2897 1526 2953 est,
1553 2890 1735 2946 ubidicitur:
1754 2892 1897 2951 Edrtndam

1109 2974 1142 3029 de
1155 2974 1258 3044 Spiritu
1274 2993 1336 3032 meo
1347 2994 1430 3049 snper
1443 2994 1551 3036 omnem
1575 2996 1694 3052 carnem,
1712 2993 1739 3040 et
1751 2987 1899 3056 propbeta·

1109 3066 1175 3121 bnnt
1191 3067 1239 3122 stili
1265 3070 1347 3124 rostri
1362 3079 1390 3125 et
1407 3070 1469 3126 iuliae
1488 3082 1586 3129 vestroe
1613 3073 1693 3146 (loti.
1716 3077 1758 3147 ιι).
1776 3076 1823 3133 llis
1850 3096 1899 3135 au·

1111 3165 1165 3211 tenu
1179 3159 1308 3229 gradibus
1326 3162 1516 3232 promissionis
1537 3164 1605 3220 ordo
1620 3166 1775 3224 donationis
1798 3169 1899 3242 ligura·

1112 3258 1155 3306 tus
1169 3259 1221 3319 est,
1237 3255 1300 3322 grtia
1315 3269 1330 3308 a
1355 3254 1464 3312 Cirristo
1479 3257 1506 3312 in
1522 3262 1670 3330 apostolos,
1684 3270 1711 3317 et
1726 3276 1774 3331 per
1796 3263 1858 3320 illos
1870 3267 1899 3322 iu

265 3347 412 3414 modestia,
429 3347 610 3414 commentia,
626 3352 741 3406 castitas
763 3350 835 3422 (gat,
851 3354 889 3421 p),
914 3350 1054 3419 erornodo
1070 3332 1090 3391 C
1108 3356 1204 3398 orrrnes
1221 3343 1290 3400 dlios
1312 3344 1439 3402 Ecclesia·
1453 3346 1572 3421 Spiritus
1588 3362 1698 3410 sauctus
1712 3363 1772 3411 erat
1787 3357 1899 3416 descen·

264 3440 354 3495 anatot
365 3451 503 3508 aromata,
515 3441 541 3498 ln
553 3442 653 3513 quibus
663 3453 704 3498 est
721 3443 825 3500 lruttns
839 3443 972 3514 spiritus?
984 3440 1058 3498 Gan·

265 3530 341 3587 diurn
357 3531 385 3586 in
402 3531 513 3607 Spiritu
522 3543 617 3590 sancto
635 3535 702 3590 lacit
723 3534 852 3600 hilarem,
867 3535 987 3590 ebaritas
1000 3534 1057 3589 ler-

265 3632 386 3690 ttentear,
402 3640 453 3696 pax
465 3627 600 3696 quietum,
616 3626 749 3696 patientia
761 3624 918 3696 probatum,
934 3623 1058 3695 longani-

266 3717 348 3773 ntitas
362 3728 594 3789 perseverantem,
606 3719 758 3789 benignitas
771 3721 934 3791 gratiosmn,
949 3721 1058 3776 bonitas

267 3820 406 3874 soractem,
431 3811 501 3867 lidet
522 3826 660 3878 securum,
686 3811 820 3868 modestia
841 3811 1057 3883 disciplinatum,

265 3905 438 3961 continentia
467 3921 584 3976 purum,
611 3907 725 3962 castitas
750 3907 890 3978 pudicum.
913 3908 977 3962 liae
1000 3915 1058 3973 est,

267 3995 373 4051 iratres
395 3995 581 4062 dilectissimi,
609 3996 760 4067 praelibatio
783 3998 907 4069 quandam
933 3997 1056 4067 spiritus,

271 4101 337 4157 qnae
351 4087 378 4140 in
394 4087 518 4157 pretaeriti
541 4088 597 4144 vita
621 4089 703 4144 datur
726 4090 760 4145 ad
778 4088 1004 4154 consolationem,
1028 4088 1057 4143 iu

268 4179 736 4252 luturocuraapparueritClteistas,
757 4183 812 4237 rita
828 4191 931 4246 nostra,
947 4181 1058 4236 dabitur

267 4274 306 4327 ad
321 4272 490 4330 satietatem.
516 4275 596 4332 Sient
619 4278 691 4331 enim
713 4276 780 4331 dicit
804 4276 932 4331 Salomon
949 4275 975 4329 in
991 4272 1058 4328 Pro·

267 4365 457 4422 rerbiisziir
477 4383 532 4423 non
553 4378 595 4424 est
621 4368 647 4422 in
670 4371 750 4424 donno
764 4383 827 4433 sna,
852 4370 899 4424 sed
922 4367 988 4421 abiit
1013 4367 1057 4422 nia

266 4459 440 4529 longissima,
463 4462 605 4516 sacculum
631 4462 753 4533 ιιεειιιιίιε
776 4477 868 4516 secnm
888 4460 959 4525 tulit,
973 4459 998 4513 in
1013 4457 1057 4513 die

267 4548 356 4616 pleno
371 4548 442 4605 lunae
455 4566 618 4608 reversurus
631 4550 724 4623 teron.
741 4553 801 4616 ιιι).
816 4550 865 4606 tn
879 4553 905 4606 id
922 4560 964 4605 est
977 4547 1058 4604 Citri-

1109 3450 1199 3493 surda.

1141 3527 1269 3587 Continet
1280 3543 1370 3589 autern
1383 3535 1529 3605 capitulum
1542 3540 1804 3611 quodpraemisimus
1818 3557 1899 3614 gene·

1111 3620 1195 3677 ralenn
1209 3623 1329 3694 Spiritus
1346 3630 1552 3696 promissionem
1575 3650 1583 3686 a
1600 3644 1628 3689 et
1641 3649 1693 3691 non
1715 3636 1804 3692 solutu
1818 3651 1900 3707 gene·

1110 3715 1208 3780 ralem,
1233 3717 1287 3772 imo
1309 3729 1336 3773 ει
1352 3722 1597 3790 generalissimam,
1624 3726 1662 3781 ita
1683 3734 1713 3781 ut
1738 3742 1788 3797 per
1802 3728 1898 3786 orbern

1111 3813 1246 3859 terrarum
1263 3808 1304 3862 rel
1318 3809 1503 3867 Ecclesiarnm
1519 3816 1695 3880 universitas,
1707 3817 1747 3872 rel
1760 3817 1898 3874 unirer-sl·

1111 3902 1152 3948 tas
1167 3905 1355 3951 creaturarum
1381 3901 1558 3973 intelligatur.
1576 3904 1732 3960 Secundum
1758 3922 1824 3980 ergo
1852 3926 1900 3980 ge-

1110 3986 1230 4040 neralem
1242 3989 1451 4056 promissionem
1465 4008 1513 4063 per
1527 3995 1621 4050 orbern
1639 4004 1788 4065 terrarum,
1802 3979 1899 4057 'Eccle-

1110 4078 1383 4138 siarurnnnirersitas
1395 4085 1551 4154 accipienda
1561 4096 1638 4144 estet
1653 4089 1765 4159 repletio
1774 4092 1897 4162 spiritus.

1110 4170 1155 4226 illa
1178 4172 1341 4241 spiritalium
1366 4176 1563 4235 charismatum
1587 4194 1629 4238 est
1646 4183 1813 4240 abundantia
1838 4202 1898 4255 tpuae

1111 4273 1232 4332 ternpore
1247 4267 1343 4335 gratia
1368 4268 1394 4322 in
1420 4270 1491 4327 lilios
1504 4272 1634 4329 scelesta
1658 4273 1730 4330 lacta
1751 4284 1804 4331 εει.
1822 4277 1899 4333 lianc

1109 4373 1174 4413 vero
1188 4359 1365 4428 repletionem
1380 4362 1511 4419 triformis
1523 4365 1637 4435 spiritns
1650 4378 1781 4437 operatur
1795 4372 1822 4425 in
1846 4371 1897 4427 Εε-

1110 4451 1205 4517 clesia,
1220 4453 1266 4522 qui
1282 4463 1370 4509 tarnzen
1394 4457 1421 4509 iu
1441 4471 1471 4512 se
1491 4472 1560 4512 urrrrs
1586 4469 1638 4525 est,
1657 4461 1683 4515 id
1706 4473 1760 4529 est,
1786 4463 1899 4533 spiritns

1110 4546 1339 4613 compunctionis,
1351 4548 1463 4617 spiritus
1471 4552 1681 4621 compassionis,
1700 4555 1811 4622 spiritns
1831 4555 1899 4609 ado·

245 4696 248 4703 ,
266 4647 338 4704 stus,
364 4652 417 4693 non
442 4652 485 4695 est
501 4642 528 4695 in
549 4642 632 4697 dorato
653 4657 700 4697 sua
725 4642 751 4697 id
767 4651 810 4695 ost
825 4643 851 4696 in
869 4640 991 4696 Ecclesia
1007 4653 1058 4711 per
1072 4666 1095 4721 D
1110 4638 1223 4707 ptionis.
1237 4638 1321 4694 Terra
1343 4653 1516 4710 peecatorum
1532 4658 1594 4711 qna}
1616 4644 1717 4698 inculta
1734 4656 1787 4712 est,
1806 4648 1898 4717 spinae

266 4729 440 4798 corporalem
467 4735 652 4803 praesentianr,
674 4735 721 4790 aed
742 4735 810 4789 abiit
824 4733 867 4787 ria
884 4731 1055 4803 longissima,

266 4820 379 4889 qrrarrdo
395 4821 422 4876 in
436 4824 506 4879 coelo
520 4826 661 4890 aseendit;
677 4825 817 4881 sacculum
832 4825 1058 4892 penniitnrecnnt

270 4912 345 4977 tulit,
359 4914 424 4984 guia
437 4915 466 4970 in
482 4917 541 4989 ipso
559 4928 623 4973 sunt
643 4932 738 4974 ornines
763 4918 883 4973 tlresauri
904 4913 1057 4983 sapientiae,

267 5015 297 5059 et
307 5005 607 5078 scientimqnaesecmn
621 5010 722 5066 referet
736 5010 764 5065 in
779 5010 822 5065 die
837 5009 921 5080 plenta
934 5008 1014 5073 ιιιιιεε,
1030 5006 1057 5061 id

266 5097 353 5153 estin
367 5098 526 5170 diciudicii,
541 5105 566 5158 id
580 5115 623 5159 est
633 5104 660 5159 in
672 5104 907 5160 consntrtmatione
920 5100 1058 5164 Ecclesiae,

267 5180 380 5263 genitio
395 5203 437 5249 est
451 5209 624 5259 reversurus,
650 5205 677 5250 nt
693 5197 738 5264 qui
761 5197 788 5250 in
809 5194 937 5266 praesenti
952 5205 1058 5261 sponsa}

267 5274 326 5339 tute
346 5288 462 5342 contulit
484 5289 614 5360 gratiam,
629 5291 655 5344 in
677 5288 770 5343 laturo
786 5287 917 5357 largiatur
931 5286 1058 5356 gloriam,

271 5395 350 5449 gnam
367 5379 445 5436 nobis
459 5393 591 5453 praestare
605 5384 732 5454 dignetur
750 5381 829 5438 lesus
848 5382 971 5437 (llarisrns
986 5381 1058 5435 beris

270 5482 299 5529 ει
312 5471 359 5527 Dei
375 5471 470 5538 Filius,
490 5475 568 5547 cttjtts
586 5489 700 5546 regnum
715 5484 742 5531 et
759 5475 902 5545 imperium
917 5482 1060 5544 permanet

270 5578 297 5618 Ιιι
312 5562 405 5618 secula
420 5564 585 5622 seculormn.
599 5568 699 5622 dinem

527 5659 645 5717 seuub
665 5657 802 5716 xxxvtt.

493 5765 520 5806 ra
538 5764 623 5809 resno
640 5762 836 5808 rauracosrzs.

306 5838 423 5907 Spiritus
455 5843 565 5903 Domitii
597 5848 701 5917 replerit
737 5846 825 5902 oriere
860 5853 1006 5910 terrorum,
1033 5852 1063 5899 et

270 5935 333 6001 boc,
345 5937 418 6000 root
438 5940 552 5994 eontinet
579 5940 679 6008 omnio,
700 5941 835 5996 arietariam
849 5937 926 5997 notit
948 5935 1025 6012 (Sap.
1039 5938 1059 6009 ι)

1110 4738 1138 4783 et
1153 4727 1265 4784 tribulos
1280 4731 1446 4801 get-ruinans,
1463 4732 1582 4802 repletur
1600 4735 1697 4804 spiritu
1710 4740 1899 4806 compunctio·

1111 4821 1154 4876 nis
1166 4835 1174 4876 ι
1188 4832 1260 4877 terra
1274 4823 1447 4880 ntiseriarum
1463 4840 1523 4894 quae
1534 4825 1610 4880 arida
1632 4834 1659 4881 et
1683 4832 1772 4883 tennis
1786 4843 1839 4896 est,
1854 4846 1898 4888 re·

1110 4912 1199 4982 pietur
1209 4914 1305 4985 spiritu
1321 4916 1518 4980 compassionis
1533 4933 1540 4971 ι
1555 4925 1626 4972 terra
1640 4920 1824 4987 perlectorum
1838 4936 1901 4994 quaa

1110 5005 1221 5076 pinguis
1236 5015 1264 5060 ct
1285 5006 1400 5063 leennda
1416 5017 1469 5072 est,
1483 5009 1604 5080 repletur
1618 5011 1716 5080 spiritu
1731 5014 1898 5084 adoptionis.

1111 5099 1151 5153 lid
1178 5099 1302 5170 spiritum
1320 5101 1540 5169 compunctionis
1563 5103 1703 5172 pertinent
1728 5106 1845 5166 suspiria
1871 5114 1900 5160 et

1111 5191 1239 5262 gemitus
1259 5186 1368 5246 alllietio
1382 5193 1542 5263 corporalis,
1564 5194 1676 5248 ubertas
1705 5193 1898 5261 laerymarum,

1112 5282 1219 5338 labores
1230 5284 1409 5352 peonitentiae,
1432 5292 1460 5338 et
1476 5283 1563 5339 luctus
1578 5283 1629 5350 illi,
1653 5298 1703 5353 pro
1716 5284 1815 5351 utribus
1834 5283 1899 5338 bea·
1948 5299 1950 5302 ’

1113 5376 1201 5433 titudo
1223 5386 1251 5432 ει
1273 5375 1431 5432 consolatio
1452 5375 1664 5446 repromittitur,
1690 5376 1735 5430 nbi
1765 5375 1897 5430 dicitnr:

1111 5467 1187 5524 Beati
1222 5471 1268 5539 gui
1297 5469 1405 5539 largent,
1438 5469 1567 5538 agenoriam
1600 5467 1651 5535 ipsi
1683 5467 1900 5524 consolabuntur

1111 5562 1219 5631 (ilottln
1235 5563 1272 5630 ι).
1285 5563 1325 5618 bd
1341 5563 1465 5633 spiritum
1487 5561 1683 5631 compassionis
1698 5563 1817 5630 pertinet
1834 5563 1900 5616 snb-

1111 5657 1205 5712 tenire
1239 5657 1423 5714 anxietatibus
1453 5656 1661 5719 irrltrmarrtintn,
1694 5653 1899 5710 calatnitatibus

1111 5763 1317 5818 oppressorum,
1331 5747 1540 5803 necessitatibus
1561 5762 1723 5818 pauperum,
1740 5747 1786 5803 sed
1800 5756 1827 5803 et
1841 5762 1900 5803 om·
1929 5820 1936 5836 .

1111 5841 1157 5895 nia
1180 5855 1262 5912 opera
1282 5840 1477 5896 misericordiae
1501 5856 1561 5910 tgrrae
1582 5842 1776 5898 misericordes
1794 5839 1900 5909 impen-

1112 5933 1312 5992 tinntnriseris.
1328 5933 1429 6006 natibus
1453 5942 1483 5994 ct
1500 5934 1558 6010 ipsi
1575 5934 1920 5994 nitstitcntdxamcanw
