4425 6450
354 413 404 471 till

870 407 1042 466 sternuat
1060 408 1300 467 tottbst‘edsts
1322 409 1473 468 briscotu

1931 413 1989 473 5ιὶ

352 526 480 597 proterii.
496 523 559 580 llaec
574 523 608 578 dc
626 521 732 577 modico
746 531 772 577 et
789 533 904 592 arigrrstu
921 523 1030 579 sacculo
1047 533 1141 578 rostro
1155 530 1179 586 Α
1193 524 1262 594 ejus,
1279 543 1339 582 eum
1358 526 1457 596 quibus
1470 534 1498 580 ct
1509 542 1523 578 a
1536 524 1635 596 quibos
1651 524 1786 579 incudem
1803 524 1884 582 dumo
1898 530 1990 587 nutri—

352 618 516 688 proicrinms
528 615 568 672 eis
582 614 627 685 ptri
650 615 684 669 tle
700 613 831 669 thesauro
844 630 894 669 sno
909 630 977 671 rora
1000 626 1028 672 et
1049 626 1141 671 uetera

351 710 504 779 proterunt,
520 724 573 762 ron
593 708 757 772 invidentes,
784 722 836 762 noo
864 707 1073 776 prmiudicaotes
1097 725 1144 763 co-

352 816 410 854 rum
426 800 577 869 responsis.
852 803 854 807 ’

498 913 676 986 355356
696 913 862 971 uetsuuuu
882 914 993 969 cuxbl.

367 1018 400 1055 rb
419 1018 571 1059 MdGiSTRUM
592 1019 733 1060 BERTERU!
751 1020 960 1060 crueutceusuu
982 1019 1122 1059 dssCsslDid·

696 1089 796 1130 CONUU.

462 1162 566 1216 Lrudut
578 1164 701 1233 jruercrt
716 1181 792 1235 quem
805 1166 836 1233 ei¹
847 1175 1022 1218 cortrtenert.

384 1255 444 1311 Non
466 1257 556 1312 lietam
576 1259 602 1312 io
617 1273 729 1315 recessu
751 1269 846 1315 rostro
862 1259 1030 1315 rolutttatern
1054 1268 1140 1325 errari,

348 1347 392 1403 rel
408 1348 520 1415 liuddo,
540 1350 582 1405 vel
601 1352 770 1421 negligenter
789 1351 943 1418 occultasti,
959 1352 1081 1419 tacuisti,
1096 1368 1143 1409 cc·

349 1439 426 1509 lasti;
443 1452 471 1497 et
483 1443 547 1510 quia
568 1458 647 1499 oerro
664 1444 739 1499 nituit
752 1460 813 1514 quim
825 1454 888 1500 sunt
906 1445 933 1501 iu
951 1446 1071 1510 berriae,
1087 1445 1139 1501 nisi

350 1531 469 1603 Spiritus
482 1534 527 1603 qui
543 1534 569 1589 ir
585 1534 645 1605 ipsu
655 1545 708 1599 cst,
722 1536 799 1591 uobis
814 1536 847 1592 de
862 1535 1000 1592 rolurttate
1014 1543 1070 1597 tua.
1089 1549 1142 1590 rec

348 1623 512 1693 proplietare
526 1623 612 1686 licuit,
628 1639 678 1680 rec
701 1624 779 1680 libuit
793 1625 926 1680 divinare.
945 1624 1057 1679 llodieac
1077 1623 1138 1678 lidci

349 1730 435 1783 otiare
449 1715 598 1770 dubitasti?
614 1714 642 1770 st
661 1715 694 1771 de
717 1730 750 1772 eo
771 1715 849 1771 nobis
865 1717 1018 1773 reducendo
1037 1716 1141 1786 cegita-

348 1806 407 1871 bas,
421 1822 472 1861 oon
490 1807 516 1862 id
531 1807 703 1864 dissimulare
725 1809 871 1874 debueras,
888 1824 940 1864 oce
962 1808 1035 1864 aliud
1055 1808 1141 1864 simu·

348 1896 416 1954 lare.
431 1896 537 1953 Oblitus
553 1897 645 1954 lucras
666 1897 766 1969 regule
784 1914 838 1970 qna
857 1899 969 1965 dieitur,
985 1899 1138 1953 amicorum

349 1986 420 2042 idem
436 1999 478 2043 est
492 1989 601 2046 reticet
621 1990 704 2046 nolle.
723 1992 792 2046 limo
805 1990 934 2061 iuuenem
949 1991 1013 2063 quia
1031 1991 1140 2047 litteras

348 2085 433 2145 antrat,
452 2078 515 2146 quia
538 2087 566 2132 tu
588 2094 651 2135 eum
674 2094 769 2147 amas;
785 2095 909 2136 amemus
932 2090 960 2137 et
983 2094 1033 2138 rios
1053 2080 1139 2136 alter·

349 2175 439 2222 trtnim
456 2184 504 2239 per
526 2170 660 2227 modoset
674 2179 797 2241 tempora
816 2172 910 2242 primae
925 2172 1136 2245 eoirjugatioris.

349 2274 492 2318 curramus
502 2263 645 2335 diligenter
659 2263 775 2321 invicem
790 2267 959 2333 seruientes;
977 2267 1139 2323 adolescens

348 2361 391 2404 est
410 2353 546 2422 opinionis
568 2356 655 2425 botrae,
688 2361 906 2417 conuersationis
930 2364 1067 2430 boreum,
1095 2372 1138 2427 et,

349 2453 379 2496 ut
404 2446 476 2501 seria
498 2447 553 2504 risu
579 2450 776 2518 terminemus,
798 2462 840 2509 est
866 2467 965 2523 expers
990 2463 1061 2509 notas
1090 2453 1139 2509 tibi

351 2546 432 2592 itote.

589 2657 755 2717 epistota
775 2663 897 2721 ccxult

667 2770 701 2808 sb
725 2771 821 2810 uteru.

349 2834 437 2905 Roget
454 2854 513 2892 eutr
534 2855 566 2893 re
580 2842 759 2965 odrerrrgium
774 2862 851 2899 suum
862 2844 927 2915 jura
941 2845 1139 2913 impugnantem

707 2922 810 2967 ututur.

1195 627 1238 671 tus
1260 627 1311 681 est,
1326 614 1419 687 gravia
1443 613 1508 669 milri
1532 615 1641 677 darnna,
1658 613 1811 684 diripiendo
1833 631 1877 671 res
1898 633 1987 688 meas,

1195 707 1353 768 intulerunt.
1366 716 1394 760 et
1415 706 1516 760 iol'erre
1530 721 1583 758 non
1599 705 1742 770 desistunt,
1769 716 1796 762 et
1816 709 1908 765 adbuc
1924 726 1988 766 tra·-

1194 812 1247 852 nus
1261 805 1372 852 extenta
1395 798 1417 852 si
1441 798 1579 867 proluerint
1598 797 1633 851 ad
1655 799 1791 868 graviora.
1817 800 1845 855 si
1871 818 1936 857 eum
1959 804 1987 859 ir

1194 892 1314 948 Ecclesia
1338 906 1398 947 mea
1422 907 1559 960 recepero,
1579 892 1706 947 ardentes
1728 893 1753 947 io
1779 894 1839 948 sino
1866 910 1928 951 meo
1943 894 1987 950 ir·

1170 980 1173 986 ’
1193 983 1260 1039 elusi
1285 984 1428 1047 carbones,
1440 982 1546 1038 clarum
1570 984 1595 1037 io
1614 982 1701 1039 oculis
1722 984 1801 1047 meis,
1818 984 1943 1041 lanceam
1957 988 1987 1045 i'n

1194 1074 1342 1140 lateribus,
1368 1075 1395 1129 iu
1420 1074 1544 1130 eubiculo
1570 1075 1750 1146 scorpionem.
1773 1076 1902 1133 liberate
1923 1093 1986 1147 me,

1193 1167 1319 1231 obsecro,
1333 1165 1425 1230 Fater,
1442 1166 1476 1219 ab
1498 1165 1675 1220 iuicslrtiooe
1697 1165 1766 1235 ejus,
1782 1167 1888 1235 parcite
1902 1183 1985 1225 seue·

1192 1258 1275 1322 ctoti,
1300 1258 1405 1328 parcite
1425 1256 1591 1321 infirmanti,
1617 1258 1721 1327 parcite
1745 1258 1878 1327 periculo,
1908 1263 1984 1331 quod

1193 1351 1337 1406 imminere
1353 1350 1446 1415 tierneo,
1465 1364 1498 1404 ne
1514 1347 1631 1419 gandeat
1648 1350 1736 1404 deme
1749 1350 1877 1406 iuimicus
1892 1367 1984 1419 ricius,

1191 1449 1219 1494 ct
1238 1438 1372 1493 insultans
1387 1439 1460 1493 dicat
1473 1456 1479 1492 :
1492 1438 1623 1494 Pueralui
1645 1441 1777 1494 adsersus
1795 1454 1870 1508 eum,
1885 1457 1984 1499 canos

1190 1546 1244 1601 qrte
1276 1545 1351 1587 oreos
1380 1545 1441 1586 citur
1476 1531 1651 1587 insultatione
1682 1529 1804 1601 trajiciat
1827 1535 1862 1589 ad
1889 1535 1985 1603 sepul-

1191 1640 1279 1680 erum.

1372 1718 1456 1789 358
1474 1716 1642 1773 ucrsttltr
1660 1716 1795 1777 ccxtttl.

1361 1827 1396 1867 ro
1414 1827 1554 1867 mutassis
1572 1825 1808 1868 srcutrrrscoeett.

1191 1903 1271 1975 Opem
1294 1904 1352 1974 rjus
1375 1903 1499 1973 implerot
1525 1912 1618 2040 rogum
1640 1903 1707 1957 ciret
1731 1900 1909 1955 Tarracenses
1931 1899 1988 1959 riti
2029 1893 2035 1916 '

1525 1989 1551 2026 tr
1566 1983 1645 2026 ester.

1227 2069 1289 2125 Dies
1302 2065 1484 2123 tribulationis
1497 2074 1525 2120 et
1539 2064 1671 2130 angustie
1686 2062 1744 2116 dies
1756 2062 1824 2116 bac.
1840 2060 1986 2118 Venerunt

1191 2162 1238 2217 lilii
1251 2173 1336 2229 usqne
1350 2157 1384 2213 ad
1396 2164 1516 2228 partum,
1527 2162 1555 2210 ct
1566 2154 1640 2210 siret
1650 2168 1703 2208 nor
1716 2153 1797 2210 babet
1808 2154 1989 2223 parturiente

1190 2258 1235 2315 diu
1250 2253 1406 2311 cruciamur
1415 2249 1494 2321 qirasi
1506 2249 1532 2303 io
1546 2248 1698 2314 interitum,
1710 2246 1891 2317 pugnauimus
1902 2246 1982 2314 qtrasi

1190 2362 1282 2404 aerem
1304 2343 1491 2399 uerberantes.
1516 2340 1583 2395 Cum
1608 2349 1698 2394 artem
1722 2345 1783 2408 post
1806 2334 1980 2405 naufragium

1190 2449 1295 2512 portus,
1317 2443 1379 2507 post
1399 2432 1589 2504 egritudinem
1616 2430 1699 2492 salus,
1715 2437 1776 2499 post
1798 2427 1922 2483 laborem
1940 2441 1984 2481 re·

1190 2533 1267 2603 qrries
1281 2535 1436 2597 speraretur
1450 2541 1465 2578 a
1478 2525 1567 2587 nobis,
1583 2521 1629 2576 lilii
1646 2519 1824 2575 dissensionis
1840 2528 1868 2572 et
1882 2533 1984 2589 supcr-

1190 2625 1254 2689 biae,
1266 2621 1341 2677 eires
1363 2617 1460 2681 rostri,
1476 2616 1547 2685 quod
1568 2612 1732 2667 auctoritate
1752 2610 1854 2666 domini
1869 2610 1944 2679 regis
1955 2618 1988 2663 et.

1190 2728 1281 2774 uestra
1305 2722 1439 2771 statutum
1462 2720 1513 2774 cst,
1530 2721 1612 2776 super
1635 2705 1831 2777 questionibus
1846 2719 1907 2774 qttae
1922 2718 1984 2759 uer-

1191 2818 1284 2866 tuntur
1306 2807 1378 2861 inter
1397 2818 1447 2859 ros
1469 2811 1494 2857 et
1517 2800 1602 2871 ipsos,
1624 2800 1733 2853 irritare
1758 2797 1938 2862 courteodurt,
1955 2796 1982 2850 io

1191 2897 1344 2970 corruptela
1360 2895 1479 2967 pecuniae
1493 2892 1677 2963 potiusquam
1691 2891 1717 2944 iu
1737 2904 1853 2944 censura
1866 2887 1982 2955 institia

386 3000 424 3052 lix
442 3014 495 3069 cpio
511 3002 576 3056 niibi
591 3000 693 3059 launoio
709 3013 799 3059 restro
813 3016 908 3061 saneta
922 3007 1079 3079 benignitas
1093 3017 1139 3058 uc·
1190 2992 1366 3050 corodentes.
1397 2986 1518 3054 Selium
1552 2984 1685 3039 ¹¹²b⁰¹¹¹¹¹⁵
1715 2978 1929 3036 ⁰⁰⁰⁸¹¹0¹⁰dn¹⁸⁸
1953 2988 1984 3033 ⁸¹

349 3099 405 3144 stra
421 3099 580 3162 eoriceptam
594 3092 725 3149 aduersus
738 3109 780 3149 ine
791 3094 1006 3165 indignationem
1022 3092 1138 3156 remisit,
1190 3086 1309 3157 capitulo
1323 3094 1351 3139 et
1364 3079 1525 3138 comtemnite
1538 3075 1765 3139 silvancetensis,
1779 3082 1807 3128 et
1820 3071 1910 3142 sigillo
1923 3071 1984 3139 epi·

349 3189 376 3234 ct
390 3180 415 3236 in
430 3180 518 3236 sienim
534 3182 629 3254 gratiae
644 3191 739 3238 uestrae
753 3183 873 3254 recepit;
891 3184 985 3239 statim
1000 3178 1079 3252 qrrasi
1092 3179 1136 3234 io·
1191 3179 1265 3248 scopi
1281 3189 1309 3232 ct
1320 3173 1482 3231 corrrnuniae
1495 3173 1680 3242 consignatas,
1697 3181 1765 3238 uuus
1781 3164 1870 3221 nutttii
1882 3164 1985 3234 praedi·

350 3271 409 3326 insa
420 3271 480 3326 luce
493 3273 648 3329 securitatis
664 3273 720 3346 (ab)
734 3289 831 3332 omncs
853 3275 1002 3332 dubictatis
1017 3272 1138 3329 tenebra
1192 3280 1298 3327 ctoruot
1319 3266 1493 3339 burgensium
1514 3263 1642 3319 similiter
1663 3261 1803 3315 nobiseum
1819 3257 1984 3313 attulerunt.

350 3363 524 3431 diffugerunt.
538 3363 712 3422 Curiiulatius
726 3368 842 3424 accessit
858 3368 924 3422 nrilri
939 3383 1020 3439 quam
1036 3365 1141 3421 veilent
1191 3362 1256 3429 llas,
1269 3360 1359 3427 Pater,
1369 3369 1396 3414 et
1408 3373 1423 3412 a
1436 3357 1546 3413 detineo
1562 3371 1625 3425 rege
1639 3363 1666 3411 ct
1682 3370 1696 3408 a
1710 3353 1786 3408 robis
1799 3350 1985 3423 (repperimus

350 3454 439 3510 aemrrli
467 3457 531 3522 urici,
552 3473 631 3528 quiem
658 3475 737 3517 sacro
760 3461 845 3516 diuini
875 3460 999 3530 rescripti
1024 3458 1140 3514 craetrlo
1190 3445 1356 3514 confirmari
1369 3468 1413 3521 nc,
1426 3454 1497 3522 quod
1512 3450 1600 3507 absit!
1616 3449 1783 3505 suscitentur
1804 3447 1982 3515 inposterum

350 3544 535 3602 consolatione
550 3547 631 3619 357
644 3559 755 3621 paterna
765 3561 793 3607 et
803 3552 911 3621 juvistis
923 3551 1138 3621 pusillrnimunr.

350 3643 379 3692 et
393 3635 509 3692 debilem
531 3639 678 3697 refovistis.
695 3641 852 3714 scripsistis
876 3645 949 3698 euim
974 3642 1051 3708 milri,
1068 3641 1140 3711 quod

351 3728 379 3783 ir
393 3729 638 3800 supplicationibus
654 3735 723 3791 meis
736 3735 844 3791 sarcilem
860 3735 1029 3806 supplicandi
1042 3735 1140 3805 pande·

350 3821 419 3878 retis
444 3823 557 3886 aditum,
579 3833 607 3880 et
631 3828 798 3884 exaudiretis
822 3829 951 3885 benerolc
977 3828 1140 3883 etberellec

349 3911 541 3979 postulantem.
551 3912 584 3968 Et
598 3916 661 3986 quia
673 3917 830 3974 sollicitauit
842 3929 964 3974 sanctam
977 3917 1138 3990 religionem

349 4012 468 4058 nestram
490 4006 599 4075 quidam
623 4008 750 4066 iuimicus
774 4025 861 4077 meus,
884 4022 913 4066 ot
939 4027 988 4083 pro
1013 4027 1045 4067 eo
1072 4010 1140 4066 inibi

351 4095 518 4161 scriberetis,
534 4108 668 4169 quatenus
684 4102 711 4156 in
727 4103 841 4158 ecclesia
857 4112 948 4158 nostra
966 4103 1138 4173 prebendam

352 4190 502 4260 ass‘goeni,
527 4193 641 4262 pedibus
665 4197 818 4250 satietitatis
840 4207 937 4251 vestrae
959 4196 1069 4267 supplex
1095 4213 1141 4252 ae-

352 4283 452 4338 cnmbo
466 4292 505 4347 ut,
524 4285 547 4338 si
569 4285 674 4353 pilacet,
689 4302 742 4340 oon
763 4288 899 4342 imlneatis
916 4290 1035 4343 animam
1053 4304 1140 4343 tineam

352 4369 379 4421 in
404 4370 529 4440 laqueum
551 4375 644 4441 istum,
660 4391 709 4432 nee
725 4378 888 4446 permittatis
902 4395 986 4435 carros
1002 4395 1076 4434 nicos
1091 4380 1138 4434 dc·

352 4460 413 4515 duci
429 4461 461 4516 ad
478 4462 580 4519 inieras
595 4480 656 4520 enm
673 4481 801 4524 moerure.
826 4467 876 4524 llic
896 4471 930 4525 ab
944 4471 1020 4526 iiiitio
1033 4472 1139 4526 dierum

1190 3549 1311 3605 recidiva
1335 3546 1433 3619 litigia,
1448 3560 1482 3600 oe
1499 3543 1596 3599 uulnus
1615 3542 1695 3597 toties
1711 3539 1842 3594 irliietum
1866 3537 1893 3592 ir
1906 3537 1983 3593 cica-

1191 3641 1303 3704 tricem,
1318 3649 1346 3694 et
1360 3637 1472 3693 cicatrix
1488 3636 1514 3690 iu
1535 3636 1639 3691 saniem
1655 3638 1867 3703 corriputrescat.
1884 3628 1985 3687 Prori-

1191 3734 1263 3794 dete,
1273 3729 1364 3794 Pater,
1378 3725 1507 3784 Ecclesiae
1522 3735 1622 3783 nostre
1634 3724 1764 3790 libertati,
1776 3733 1803 3778 et
1816 3721 1982 3779 elericorum

1190 3834 1344 3879 vestrorum
1374 3821 1474 3892 utristi,
1500 3819 1684 3877 laborantium
1710 3818 1760 3873 sub
1789 3815 1982 3886 AEgyptiorum

1188 3915 1265 3988 jugo,
1281 3932 1316 3972 ne
1334 3916 1464 3971 arlrcrsus
1487 3913 1624 3968 dominam
1641 3926 1718 3966 stram
1735 3909 1881 3964 insolescat
1896 3910 1983 3981 Agar,

1192 4027 1226 4066 oe
1246 4011 1384 4066 ministros
1408 4006 1535 4066 Ecclesiae
1555 4007 1694 4087 Babylonii
1718 4005 1840 4076 captiuos
1861 4005 1981 4071 clareant,

1192 4118 1226 4158 ne
1239 4103 1299 4158 laici
1320 4104 1474 4173 opprimant
1496 4102 1663 4167 sacerdotes,
1681 4101 1708 4155 io
1734 4100 1789 4155 sula
1807 4097 1982 4170 protectione

1192 4204 1281 4249 vestra
1304 4195 1481 4256 confidimus,
1495 4194 1541 4264 quui
1558 4194 1631 4248 solus
1645 4194 1697 4249 lruc
1711 4207 1796 4262 usqne
1812 4199 1873 4261 post
1896 4190 1982 4244 ὓιιιιιιι

1192 4287 1320 4358 posuistis
1336 4302 1383 4342 uus
1398 4301 1506 4340 murum
1532 4301 1581 4355 pro
1603 4283 1724 4340 Ecclesia
1748 4293 1857 4348 nostra;
1869 4282 1983 4349 lusistis

1192 4382 1262 4435 tilios
1272 4390 1387 4446 uestros,
1401 4381 1538 4436 restitistis
1552 4380 1714 4435 adversariis
1731 4378 1845 4441 nostris,
1859 4378 1886 4431 iu
1899 4391 1983 4431 maru

1192 4475 1294 4542 poterrti
1314 4473 1427 4528 braebio
1442 4473 1561 4539 excelso,
1577 4473 1639 4542 qrria
1651 4487 1703 4526 oon
1715 4482 1756 4528 est
1776 4471 1822 4542 quii
1841 4485 1891 4526 nos
1907 4470 1982 4526 redi-

353 4551 524 4608 nccessitatis
537 4569 602 4611 mere
615 4555 682 4626 (ii),
696 4568 828 4628 querutum
843 4563 940 4631 potuit,
954 4563 1044 4618 oocrrit
1058 4564 1136 4627 mibi,
1157 4589 1178 4643 Β
1197 4575 1261 4626 iurat,
1279 4578 1366 4634 nequae
1379 4564 1424 4632 prii
1439 4563 1529 4619 saluos
1543 4564 1633 4622 iaciat.

352 4654 380 4696 ct
391 4644 494 4702 anticos
509 4662 583 4704 meos
597 4650 641 4719 qni
656 4653 683 4705 lo
699 4654 847 4710 motuarnlo
857 4670 907 4724 pro
924 4665 998 4711 tauta
1015 4658 1138 4727 rogantia

352 4750 422 4804 ritca,
437 4739 522 4808 gratis
541 4758 584 4797 me
604 4740 699 4811 iterare
721 4745 857 4808 uolebant,
872 4748 964 4816 pravis
987 4751 1131 4818 suggestio-

353 4827 432 4884 nibus
455 4829 613 4901 impedivit,
633 4835 730 4907 repulit
754 4847 782 4891 ct
805 4838 904 4893 avertit
940 4839 1140 4911 consanguinei

390 4981 447 5061 (iti)
468 4983 530 5039 llaec
545 4990 626 5043 rerba
643 4990 793 5062 ‹lesrrmpsit
804 5010 837 5048 er
853 4995 940 5049 ellicio
955 4997 1027 5063 rprod
1044 4999 1142 5053 reita·

354 5059 398 5132 tarr
412 5067 438 5131 ιιι
457 5051 527 5107 lesio
550 5060 637 5114 sancti
658 5062 814 5133 durgustini,
832 5080 892 5136 qttae
906 5081 937 5120 cr
954 5065 1014 5136 ejus
1031 5067 1141 5138 Censes·

352 5122 472 5175 ttorrbur
488 5123 597 5180 luerttot
609 5127 748 5199 decerpta.

391 5191 449 5274 (iil
468 5195 582 5278 Quande
597 5198 701 5254 scilieet
714 5206 765 5256 sub
777 5205 882 5258 initium
898 5206 1059 5276 episcopalis
1082 5226 1142 5264 ιιιιι-

356 5276 430 5345 oetas
451 5275 562 5322 secessit
584 5269 654 5337 tpud
677 5269 859 5341 blarisiacum,
875 5289 903 5329 ut
919 5290 1065 5343 proventus
1078 5297 1142 5334 suos

353 5345 439 5412 cutiae
465 5336 594 5391 tleirrrae
618 5337 777 5397 officialibus
799 5346 987 5413 percipiendos
1001 5364 1049 5415 per
1066 5352 1143 5405 bien-

354 5416 429 5457 tuum
448 5405 607 5475 dirrittcret,
622 5420 651 5465 ut
667 5411 757 5466 ridere
770 5425 811 5466 est
823 5415 902 5481 epi-t.
921 5416 982 5470 iss.

391 5474 448 5554 (28)
475 5475 513 5533 lix
543 5478 585 5534 bis
616 5482 707 5536 uerbis
733 5483 868 5553 colligitur
891 5486 1034 5554 epistolam
1062 5489 1142 5544 istam

355 5554 484 5614 scriptam
509 5548 594 5606 iuuisse
616 5550 758 5607 Gttillelmo
774 5552 902 5609 lleniensi
926 5558 1140 5628 arcbiepiscopo.

356 5617 457 5682 reginae
474 5618 617 5686 auunculo,
632 5624 761 5691 regnitpre
776 5622 946 5680 administro.
960 5625 1021 5695 tigit
1033 5631 1064 5684 de
1076 5647 1144 5699 ‹pre-

357 5682 418 5735 tlam
434 5702 518 5744 ornere
536 5693 608 5760 qrrod
631 5693 705 5748 cives
723 5693 911 5750 Tornaeeases
938 5698 1077 5764 {inprimere
1096 5717 1142 5754 ro·

358 5748 461 5876 ffibstttrt.
484 5771 537 5814 tarn
567 5763 694 5834 episcopo
720 5781 801 5834 ortatui
829 5764 936 5821 clericis
961 5767 1143 5826 tristiacensi-

1368 4657 1451 4729 359
1475 4657 1641 4713 uuts'tubr
1665 4658 1802 4715 ccxbttl.

1192 4754 1250 4821 Apis
1259 4753 1389 4807 decadem
1399 4754 1494 4807 ciuium
1506 4752 1711 4808 Torruceasium
1722 4753 1900 4806 cortrorerrir
1913 4752 1981 4821 rib).

1228 4844 1354 4901 indurata
1375 4854 1441 4903 suin
1460 4847 1591 4904 aduersus
1611 4862 1660 4904 rios
1684 4847 1767 4903 corda
1787 4844 1888 4901 ciuium
1912 4844 1983 4900 blia-

1227 5003 1286 5071 (29)
1298 5001 1441 5072 Colligitur
1452 5002 1550 5058 esrae
1563 5001 1680 5071 epistola
1698 5011 1725 5057 et
1742 5003 1982 5070 exsequentibus,

1192 5074 1362 5142 Stephanum
1386 5088 1497 5143 grauem
1519 5073 1735 5129 controuersiam
1756 5071 1903 5137 irabnisse,
1926 5083 1981 5126 tarn

1193 5159 1244 5198 sito
1259 5159 1340 5213 quam
1358 5145 1471 5212 crpitnli
1487 5144 1607 5208 nornine,
1624 5157 1687 5197 cnm
1703 5142 1810 5197 ciuilius
1824 5140 1983 5196 Tarracen-

1193 5215 1281 5277 sibns,
1306 5213 1387 5279 cttjos
1408 5215 1594 5282 cognitionem
1617 5222 1646 5267 et
1670 5211 1804 5280 iudicium
1832 5227 1879 5266 rex
1906 5229 1984 5266 eritiu-

1193 5286 1305 5339 miserat
1320 5284 1530 5352 arciricpiscopo
1545 5282 1685 5343 lienterrsi,
1701 5282 1935 5350 riarudareratqre
1952 5294 1983 5339 ut

1193 5362 1368 5408 sacramento
1386 5353 1411 5407 in
1429 5356 1554 5408 triarribus
1570 5352 1701 5421 Stepbaui
1721 5362 1749 5407 et
1764 5353 1871 5406 abbatis
1885 5353 1920 5405 ‹le
1935 5351 1982 5406 Ci-

1194 5426 1270 5479 sonio
1281 5425 1412 5492 prestito,
1424 5437 1516 5478 coram
1530 5424 1627 5491 ipsese
1639 5424 1776 5486 sisterent,
1788 5423 1860 5491 qrrod
1871 5423 1981 5490 peridem

1194 5495 1283 5550 uliitcr
1296 5493 1495 5557 detrectabant,
1508 5507 1648 5562 quorrspoe
1660 5494 1755 5546 eadem
1770 5493 1939 5562 accepissent
1950 5509 1982 5550 se

1195 5583 1210 5619 n
1216 5565 1297 5618 taliam
1304 5565 1447 5632 pecuariam
1458 5578 1506 5630 pro
1514 5579 1628 5618 excessu
1635 5565 1774 5618 soluturos
1782 5563 1983 5631 quibusrssco·

1195 5636 1239 5688 tiri
1252 5651 1313 5688 enm
1326 5635 1471 5702 episcopus
1485 5645 1621 5696 reniteret,
1635 5650 1724 5705 regent
1737 5634 1865 5688 adierunt
1877 5645 1906 5688 ut
1918 5651 1981 5690 cum

1194 5706 1265 5760 dolis
1280 5706 1337 5758 suis
1352 5721 1383 5757 ae
1402 5703 1625 5758 cavillationibus
1649 5704 1842 5772 praeucoireot.
1860 5704 1891 5756 dt
1910 5722 1980 5758 ¹cunr

1195 5776 1339 5843 episcopos
1354 5775 1584 5828 arriruadrcrterct
1599 5776 1674 5828 circs
1691 5790 1755 5828 snos
1771 5775 1902 5828 retardato
1923 5779 1981 5843 rpi-

1196 5844 1426 5909 scaruberiensis
1443 5861 1496 5901 iton
1510 5856 1592 5910 stare,
1608 5858 1633 5900 nt
1655 5844 1842 5902 inobedientes
1856 5845 1987 5903 ccusttris
