4425 6450
564 419 671 482 189
1422 415 1808 475 ansatoxts
1841 413 2135 470 attonis
2177 409 2927 470 st‘ttttvctttttsssactzxsts
3733 405 3840 464 tuo

560 533 742 592 mendi
770 543 918 591 sunt.
951 532 1101 589 lnter
1126 529 1274 601 ipsos
1293 537 1472 585 tamen
1496 538 1717 585 sanctos
1748 530 1894 584 viros
1918 529 2141 599 quidam
2175 533 2225 590 Α
2253 527 2365 582 lum
2392 525 2626 590 oriatur,
2655 523 3100 594 distinguemlum
3133 531 3243 578 est.
3284 520 3341 577 Si
3366 519 3511 576 enim
3538 518 3607 576 de
3639 519 3839 579 talibus

560 636 686 683 nint
715 624 946 696 parvuli,
981 623 1203 693 quidam
1240 619 1436 683 adulti,
1467 620 1688 690 qnidam
1715 620 1983 687 provecti.
2016 618 2148 673 Par-

564 716 678 772 vuli
729 723 994 772 vocantur
1036 712 1312 781 simplices
1377 708 1475 773 illi,
1509 713 1600 780 qui
1662 711 1889 766 multam
1949 711 2148 765 liabent

562 809 934 873 sanctitatem,
977 814 1030 860 et
1063 805 1334 861 modicam
1369 804 1756 860 discretionem
1790 821 1806 860 :
1840 803 2032 866 adulti,
2057 802 2150 871 qui

566 899 914 955 sanctitatem
955 897 1158 953 liabent
1201 899 1408 967 pariter
1456 906 1515 951 et
1565 897 1995 952 discretionem:
2030 910 2155 964 pro·

566 989 709 1043 vecti
746 988 1005 1058 vero,qui
1032 1003 1158 1043 eum
1183 988 1270 1043 his
1300 988 1614 1044 diuturnam
1644 989 1847 1044 liabent
1886 991 2153 1042 bonorum

565 1094 794 1149 operum
824 1081 1300 1137 exercitationem.
1333 1081 1436 1148 Qui
1471 1082 1695 1136 multam
1725 1080 1928 1135 liabent
1956 1079 2158 1134 saucti-

569 1178 737 1226 tatem
783 1178 837 1228 et
887 1187 1111 1241 parvam
1138 1173 1551 1240 discretionem,
1608 1174 1903 1227 dilectione
1932 1173 2155 1242 quidem

568 1272 630 1320 et
674 1264 955 1322 beneflciis
1006 1266 1219 1319 tbvcmli
1268 1274 1414 1330 sunt,
1468 1266 1562 1320 sed
1612 1265 1667 1320 in
1713 1266 1796 1320 liis
1840 1265 2161 1336 qooeminus

573 1355 809 1411 discrete
838 1358 1027 1412 dicunt
1062 1356 1145 1411 vel
1191 1354 1404 1412 faciunt
1438 1372 1560 1412 cum
1611 1358 1905 1413 severitate
1928 1358 2159 1428 quadarn

573 1457 706 1502 sunt
742 1449 1098 1518 reprimendi,
1127 1458 1187 1504 ut
1221 1465 1288 1505 ex
1318 1450 1407 1507 tali
1444 1450 1659 1521 repulsa
1694 1450 1777 1504 vel
1809 1450 2162 1520 correptione

573 1538 958 1609 prudentiores
987 1551 1041 1594 et
1071 1541 1245 1613 tnagis
1268 1542 1490 1599 discreti
1526 1544 1658 1596 liant
1685 1558 1700 1598 ι
1728 1541 1884 1596 Sicut
1908 1541 2164 1612 magister

579 1627 914 1685 scholarium
944 1631 1228 1700 parvulum
1276 1632 1628 1689 innocentem
1675 1631 2045 1703 postulantem
2096 1645 2166 1686 ue

576 1724 944 1795 vapuletmon
971 1726 1216 1793 exaudit,
1245 1726 1341 1782 sed
1368 1728 1551 1798 potius
1568 1726 1799 1799 flagellat
1825 1742 1950 1782 enm
1970 1736 2166 1782 etcor-

582 1815 734 1884 tigit,
750 1825 808 1870 ιιι
826 1816 1122 1886 asperitate
1144 1818 1436 1873 verborum
1460 1829 1515 1873 ct
1537 1818 1828 1874 verberum
1849 1818 1915 1873 ad
1944 1818 2165 1872 meliora

579 1908 929 1977 postmodum
951 1909 1280 1964 enutriatur.
1300 1909 1401 1977 Qui
1423 1926 1554 1966 vero
1580 1911 1928 1966 sanctitatem
1961 1910 2167 1965 babent

582 2015 705 2058 coin
747 2003 916 2059 multa
945 2004 1295 2071 discretione,
1335 2005 1456 2061 illos
1492 2020 1614 2060 esse
1666 2005 1933 2070 arbitror,
1961 2005 2053 2073 qui
2105 2005 2170 2059 de

582 2096 850 2168 profunda
876 2099 1045 2154 saculi
1070 2101 1481 2154 conversatione
1511 2100 1577 2153 ad
1624 2099 1789 2153 vitam
1817 2096 2168 2154 claustralem

586 2200 875 2253 venerunt,
907 2190 962 2245 in
988 2205 1092 2261 qua
1124 2191 1357 2247 seculari
1409 2189 1825 2247 conxersatione
1850 2188 2015 2244 seculi
2045 2204 2175 2259 pru-

508 2299 523 2304 ·
588 2280 855 2347 dentiant,
883 2291 936 2335 ct
960 2283 1215 2337 astutiam
1243 2295 1424 2336 rerum
1449 2280 1814 2352 gerendarum
1842 2279 2172 2336 didicerunt.

590 2372 700 2426 Sed
744 2379 1033 2441 postquam
1084 2371 1262 2427 vocati
1298 2381 1422 2426 sunt
1477 2387 1505 2425 a
1542 2370 1773 2426 Domino
1801 2381 1854 2425 et
1889 2369 2174 2440 justitieati

591 2462 783 2517 relicta
813 2461 984 2517 seculi
1020 2463 1281 2528 vanitate,
1315 2463 1661 2533 prudentiam
1711 2462 1882 2518 seculi
1934 2461 2177 2517 retinue-

590 2563 742 2622 runt,
784 2554 852 2610 de
903 2556 1100 2625 quibus
1134 2556 1343 2611 dictum
1391 2568 1472 2612 est
1505 2571 1537 2611 a
1575 2556 1803 2612 Dosniuo
1835 2574 1849 2611 ι
1908 2556 2176 2625 Quoniam

593 2643 689 2700 lilii
719 2644 882 2714 liujus
919 2645 1087 2700 seculi
1119 2645 1501 2711 prudentiores
1533 2655 1661 2701 sunt
1688 2644 1814 2700 liliis
1847 2644 1983 2702 lucis
2007 2647 2059 2700 in
2088 2660 2184 2716 gr-

593 2737 970 2792 nerationilms
998 2737 1112 2793 suis
1141 2735 1296 2805 (Lae.
1333 2739 1469 2809 xvi).
1499 2738 1562 2793 Et
1599 2739 1685 2794 isti
1718 2754 1823 2792 uon
1850 2736 2023 2793 solum
2051 2737 2179 2792 dili-

595 2827 780 2898 geniti,
814 2829 908 2882 sed
941 2829 1108 2883 ctiam
1151 2827 1328 2898 magis
1365 2826 1669 2883 familiares
1718 2827 1932 2882 caeteris
1989 2827 2180 2882 baberi

596 2919 798 2974 delient
826 2921 1063 2988 eoquod
1096 2918 1352 2973 Ecclesiae
1386 2919 1560 2989 tnagis
1591 2919 1756 2973 utiles
1775 2929 1923 2973 suut.
1951 2917 2058 2984 Qut
2080 2932 2184 2973 au-

601 3019 710 3063 tvm
752 3008 908 3080 lunga
940 3010 1332 3065 exercitatione
1370 3010 1635 3065 bonorum
1658 3019 2032 3079 operumsunt
2060 3024 2182 3079 pro·

599 3102 764 3164 tetii,
797 3100 896 3171 ipsi
930 3111 1053 3156 suut
1078 3102 1384 3171 specularia
1417 3102 1885 3172 quiedamsauctat
1903 3100 2183 3167 Ecclesiae,

2255 621 2467 677 oriatur
2517 617 2833 674 scandalum
2875 615 3259 679 universitati,
3303 613 3384 669 vel
3429 629 3641 684 tnagnae
3695 615 3839 684 parti

2256 712 2657 776 universitatis,
2705 721 2831 766 tunc
2881 711 2948 764 ab
2989 707 3298 778 hujusmodi
3333 707 3498 761 etiam
3532 708 3690 762 bonis
3720 722 3843 762 ces-

2258 809 2493 865 sandum
2536 815 2641 862 est.
2668 804 2819 871 Quod
2855 804 2898 858 si
2925 819 3022 873 pro
3053 801 3208 857 uobis
3237 799 3697 865 imlill'crentibus,
3723 815 3846 869 qtae

2262 902 2408 958 facio
2437 901 2528 955 uui
2562 898 2750 963 alicui,
2780 896 2995 950 oriatur
3024 895 3252 948 materia
3287 891 3549 953 scandali,
3580 908 3688 946 non
3720 908 3845 962 pro·

2263 1005 2388 1065 pter
2413 991 2517 1048 boc
2553 989 2781 1045 cessabo
2812 987 3130 1043 satisfacere
3159 985 3392 1055 propriae
3415 984 3710 1039 devotioni.

2331 1083 2676 1156 Corripiemli
2709 1091 2831 1137 sunt
2859 1097 2987 1150 ergo
3014 1079 3148 1133 tales
3179 1078 3451 1141 extranei,
3499 1078 3730 1133 diversis
3764 1088 3851 1133 ta-

2268 1193 2392 1233 men
2445 1176 2621 1231 modis
2649 1175 2945 1230 secundum
2974 1171 3352 1226 diversitatem
3382 1170 3847 1240 delinquentium.

2267 1271 2408 1324 Sunt
2438 1269 2580 1325 enim
2605 1267 2693 1323 alii
2726 1268 2817 1337 qui
2850 1273 3164 1335 peccantes,
3199 1263 3291 1333 qui
3329 1254 3527 1319 timore
3577 1263 3669 1317 Dei
3702 1270 3852 1332 post-

2265 1364 2469 1435 posito,
2493 1371 2783 1435 peccatum
2831 1375 2938 1415 non
2983 1366 3271 1414 metuunt:
3298 1365 3426 1409 sunt
3453 1354 3575 1419 alii,
3600 1356 3691 1423 qui
3717 1370 3848 1408 con-

2267 1454 2619 1527 cupiscentiis
2651 1452 2836 1517 illecti,
2858 1451 3021 1508 nimis
3038 1451 3295 1505 ardenter
3327 1461 3554 1517 peccare
3583 1447 3848 1517 diligunt:

2268 1557 2397 1606 suut
2426 1546 2543 1610 alii,
2570 1545 2660 1615 qni
2693 1547 2764 1600 ita
2808 1549 3058 1613 peccant,
3087 1540 3230 1611 quod
3263 1548 3488 1609 peccata
3510 1552 3606 1591 sua
3635 1553 3741 1592 nou
3767 1536 3852 1590 in-

2277 1643 2551 1713 telligunt.
2602 1637 2781 1706 illum,
2810 1635 2903 1706 qui
2935 1636 3131 1690 timore
3178 1632 3272 1689 Dei
3296 1631 3598 1703 postposito
3622 1645 3854 1699 peccare

2270 1750 2379 1792 non
2409 1731 2623 1799 metuit,
2657 1740 2710 1786 tu
2736 1729 2827 1801 qui
2852 1728 3002 1786 solus
3023 1727 3186 1782 etiam
3206 1736 3488 1793 peecatum
3515 1723 3661 1778 illius
3686 1721 3853 1788 nosti,

2274 1828 2533 1898 corripe:
2564 1840 2673 1880 non
2723 1835 2906 1878 tamen
2961 1836 3059 1890 per
3107 1829 3181 1885 te,
3227 1818 3336 1873 imo
3368 1833 3462 1888 per
3499 1816 3690 1879 alium,
3723 1823 3781 1869 ut
3806 1813 3852 1869 si

2274 1921 2515 1992 privatus
2538 1932 2619 1984 cs,
2647 1916 2865 1973 intimes
2894 1913 3024 1969 illud
3055 1912 3279 1984 praetato
3306 1910 3582 1973 Ecclesiae,
3613 1917 3670 1966 ut
3697 1907 3767 1964 ab
3790 1921 3858 1962 eo

2273 2023 2563 2084 correptus
2592 2018 2912 2066 coerceatur
2959 2007 3156 2063 timore
3185 2004 3488 2076 potestatis.
3537 2003 3713 2068 lllmn,
3760 2003 3854 2073 qui

2275 2121 2507 2181 peccare
2538 2107 2725 2171 nimis,
2754 2104 3011 2158 ardenter
3040 2100 3235 2172 diligit,
3273 2108 3329 2151 tu
3375 2098 3466 2168 qui
3515 2096 3663 2151 solus
3712 2094 3856 2150 nosti

2277 2210 2559 2275 peccatum
2601 2196 2768 2264 illius,
2821 2194 3079 2250 intimare
3109 2203 3260 2263 potes
3287 2190 3449 2244 alicui
3500 2199 3691 2244 sancto
3718 2187 3862 2252 rit-o,

2280 2309 2339 2354 ut
2368 2297 2438 2352 ab
2461 2309 2526 2351 eo
2553 2301 2838 2362 correptus
2863 2289 3115 2345 trabatur
3144 2288 3197 2342 in
3229 2287 3414 2342 odium
3448 2284 3652 2355 peccati
3676 2295 3863 2337 exom-

2280 2392 2369 2464 plo
2417 2387 2746 2445 sanctitatis.
2777 2384 2953 2447 lllum,
2985 2384 3077 2454 qui
3123 2390 3410 2451 peecatum
3440 2392 3596 2432 suum
3626 2390 3731 2429 uon
3780 2373 3865 2428 in·

2284 2483 2499 2556 telligit,
2554 2481 2722 2537 etiam
2755 2479 2801 2535 si
2828 2477 2976 2534 solus
3017 2474 3159 2531 nosti
3214 2479 3497 2544 peccatum
3550 2468 3717 2532 iltius,
3765 2481 3865 2537 per

2284 2577 2463 2633 virum
2487 2576 2723 2644 aliquem
2752 2571 3054 2641 sapientem
3076 2578 3132 2624 et
3160 2565 3440 2623 literatum
3465 2563 3745 2633 corripere
3766 2574 3868 2630 po·

2284 2682 2387 2736 tes,
2428 2679 2489 2725 ut
2512 2669 2580 2726 ab
2618 2682 2683 2722 eo
2715 2674 3001 2734 correptus
3021 2671 3075 2718 et
3100 2662 3398 2718 instructus
3427 2656 3611 2712 veniat
3643 2653 3711 2710 ad
3766 2666 3869 2708 co-

2285 2763 2589 2838 gnitionem
2618 2759 2806 2817 delicti
2843 2758 2949 2816 sui.

2357 2854 2494 2926 Lupi
2540 2868 2671 2909 vero
2718 2866 2902 2907 morsu
2941 2864 3138 2905 cauum
3172 2840 3491 2914 insequendi
3540 2847 3688 2896 sunt.
3728 2835 3870 2908 Lupi

2287 2957 2416 3005 sunt
2447 2955 2816 3010 contumaces,
2842 2941 3067 3014 justitiae
3094 2940 3392 3001 invasores,
3432 2933 3523 3008 qui
3574 2946 3677 2988 uon
3709 2928 3872 2985 tracti

2290 3041 2611 3097 infirmitate
2633 3047 2901 3111 praecepta
2929 3037 3022 3092 Dei
3043 3031 3551 3105 transgrediuntur.
3570 3025 3665 3082 sed
3689 3024 3874 3096 potius

2291 3154 2392 3212 per
2422 3137 2775 3195 rebellionem
2817 3141 2874 3190 et
2904 3129 3231 3187 contumaci
3235 3142 3330 3192 tm,
3385 3138 3542 3193 quast
3565 3120 3752 3176 hostes
3804 3132 3870 3172 ea

603 3195 863 3265 ἰιιιμιειιΙι·
871 3195 1234 3252 ιιιίιιοιιὶι·ἰιιιιι
1253 3194 2185 3265 gratimexcellentiuscoruscante,
2214 3223 2260 3284 C
2294 3239 2577 3310 diripiunt
2596 3245 2788 3305 mmm
2816 3230 3150 3283 aesfimames
3189 3239 3251 3281 se
3296 3222 3444 3293 ἥρως
3474 3214 3740 3287 niumm&
3778 3229 3878 3270 ca,

603 3291 777 3346 alise
808 3289 999 3344 mirari
1034 3290 1237 3346 debent
1258 3298 1317 3345 et
1345 3289 1666 3359 respicere.
1692 3298 1750 3341 ιιι
1771 3303 1838 3344 ex
1868 3287 1963 3341 tali
1991 3302 2189 3357 specu-

606 3384 783 3437 lorum
814 3383 1016 3438 iutuitu
1044 3384 1326 3455 corrigant
1359 3384 1413 3439 in
1449 3397 1509 3437 se
1534 3380 1679 3451 quod
1704 3380 1984 3444 vitiosum,
2013 3390 2069 3435 et
2105 3391 2193 3434 re-

605 3481 827 3528 servent
867 3472 1013 3540 quod
1058 3473 1360 3527 virtuosum
1392 3480 1493 3528 est.
1524 3471 1589 3525 Et
1620 3471 1706 3524 isti
1734 3472 1940 3524 notiore
1962 3477 2018 3523 et
2042 3481 2196 3524 reve-

609 3565 790 3620 rentia
844 3566 1019 3635 magis
1046 3564 1192 3635 digni
1222 3574 1371 3618 suut.
1401 3562 1661 3618 Extranei
1715 3570 1896 3617 autem
1929 3569 2059 3616 sunt
2092 3559 2192 3625 illi,

611 3673 749 3727 quos
787 3672 966 3730 neque
996 3659 1123 3714 tmio
1150 3657 1462 3723 eharitatis,
1514 3670 1693 3725 neque
1746 3654 1928 3710 unitas
1955 3666 2199 3709 corninu-

608 3751 814 3813 nionis‚
845 3766 1022 3815 neque
1048 3748 1396 3806 uniformitas
1426 3748 1663 3805 actionis
1697 3747 1852 3802 nobis
1889 3744 2197 3818 conjungit.

611 3845 947 3901 Extraneum
998 3842 1068 3897 ab
1103 3841 1308 3896 unione
1345 3837 1646 3895 charitatis
1674 3835 1889 3892 faciunt
1919 3837 2070 3905 odia,
2118 3837 2198 3892 ln-

611 3939 793 4003 vidioe,
822 3937 939 4002 irae,
957 3934 1515 3999 rixae,disseusiones,
1544 3944 1599 3989 et
1622 3933 1880 3987 scissurae
1911 3929 2197 3996 mentium,

613 4031 669 4086 in
691 4031 893 4100 qulbus
929 4044 1035 4084 non
1066 4028 1277 4083 habitat
1302 4026 1445 4083 Deus
1476 4042 1491 4079 t
1517 4025 1850 4081 Extntncum
1884 4025 1962 4091 ,ab
1990 4023 2203 4079 unitate

613 4122 1019 4181 cortinionionis
1064 4121 1271 4177 faciunt
1319 4119 1562 4176 lautiora
1606 4120 1835 4184 cibaria,
1897 4122 2202 4173 stramenta

616 4214 891 4278 molliora,
939 4221 1121 4269 vestes
1155 4211 1503 4277 inordinatae,
1538 4219 1780 4265 tonsurae
1826 4208 2199 4278 irregulareS,

611 4323 850 4380 quorum
881 4305 1155 4362 contraria
1184 4305 1252 4359 ad
1285 4304 1726 4358 communionem
1755 4300 2069 4373 pertinent:
2097 4300 2207 4356 Ex-

620 4410 874 4451 traneum
904 4396 972 4449 ab
1011 4394 1390 4449 uniformitate
1414 4393 1649 4447 actionis
1678 4393 1887 4447 faciunt
1908 4388 2203 4460 singularia

612 4482 844 4553 jejunia.
881 4481 1280 4548 intempestiva:
1303 4480 1528 4552 vigilite,
1562 4479 1796 4536 insolitae
1823 4479 2123 4545 orationes,
2148 4487 2206 4535 et

618 4584 821 4628 cavera
851 4570 1186 4640 huiusmodi,
1218 4586 1341 4642 quie
1396 4572 1449 4626 in
1491 4571 1748 4627 libertate
1776 4569 2019 4643 Spiritus
2057 4570 2203 4643 iuste
2233 4579 2280 4636 n

620 4664 873 4719 ridentur
911 4677 1072 4735 posse
1099 4662 1241 4722 lieri.
1271 4661 1432 4719 Tales
1468 4678 1603 4735 ergo
1625 4663 1819 4719 latratu
1852 4677 2074 4730 canum,
2099 4663 2207 4720 hoc

624 4764 730 4820 est,
769 4755 925 4811 duris
973 4755 1328 4825 praelatorum
1364 4754 1837 4826 increpationibus
1869 4752 2205 4826 corripiendi

623 4859 773 4917 sunt,
785 4849 943 4921 primi
963 4858 1187 4921 propter
1213 4861 1521 4920 peccatum,
1543 4851 1670 4925 quia
1695 4849 1951 4907 scindunt
1978 4865 2207 4922 regnum

623 4940 915 4999 cluat-itatis
944 4960 960 4997 ι
991 4943 1219 4999 secundi
1264 4956 1488 5015 propter
1520 4942 1845 5016 periculum,
1878 4956 1951 4998 ne
1989 4941 2207 4998 illorum

626 5033 879 5105 exemplo
900 5034 1083 5089 caeteri
1117 5035 1416 5091 trahantur
1443 5050 1458 5089 ι
1491 5035 1639 5092 tertii
1697 5032 2031 5104 corripiendi
2081 5041 2213 5090 sunt

629 5133 854 5197 propter
871 5125 1340 5192 scandalum,quia
1362 5140 1441 5181 ναι
1460 5123 1665 5181 homini
1690 5137 1786 5194 per
1802 5138 1964 5194 quein
1981 5123 2214 5180 scanda-

630 5215 742 5272 lum
756 5214 1511 5288 venit(uacm.xuo).oritur
1522 5224 1703 5272 tamen
1715 5214 2031 5271 scandalum
2046 5227 2216 5285 quan·

633 5309 815 5377 doque
831 5307 901 5362 de
918 5306 1097 5374 malis,
1114 5306 1445 5378 quandooue
1456 5305 1876 5371 denecossariis,
1890 5304 2216 5376 quandoque

631 5398 701 5457 de
718 5396 1233 5457 indifferentibus.Si
1249 5398 1319 5455 de
1331 5398 1475 5456 malo
1493 5398 1809 5456 scandalum
1822 5396 2216 5463 oritur-,natta

636 5491 839 5546 malum
871 5492 1225 5549 resecandum
1257 5500 1343 5549 est
1372 5505 1391 5547 ι
1429 5490 1477 5546 ai
1500 5490 1569 5546 de
1597 5488 1946 5558 necessariis,
1978 5486 2085 5546 boe
2106 5494 2216 5555 est.

636 5585 707 5639 de
729 5584 816 5640 liis
838 5600 962 5655 quoe
989 5585 1058 5641 ad
1081 5586 1248 5642 vitam
1275 5593 1537 5643 aeternam
1558 5590 1689 5640 sunt
1709 5579 2220 5650 necessarimm&
2318 5578 2334 5594 ’

638 5676 823 5735 dalum
839 5678 1033 5744 oritur,
1058 5678 1130 5734 ibi
1155 5677 1347 5735 inclina
1364 5675 1671 5734 admittitur
1688 5672 2028 5740 scandalum,
2050 5682 2220 5745 qua-

642 5771 851 5828 veritas
872 5770 1230 5841 relinquatur.
1260 5772 1371 5831 Sed
1388 5770 1437 5829 si
1468 5770 1539 5827 de
1568 5764 2026 5834 indifferentibus.
2050 5764 2109 5823 id
2128 5770 2222 5823 nt

644 5862 715 5922 de
744 5862 852 5933 liis,
878 5877 999 5936 qua:
1029 5863 1175 5922 licite
1211 5863 1331 5924 lieri
1369 5863 1457 5925 vel
1478 5862 1659 5925 omitti
1708 5866 1959 5937 pom-t,
1986 5852 2224 5919 mn-

2294 3331 2446 3395 dcr,e
2478 3329 2586 3385 nisi
2636 3335 2839 3383 statum
2867 3320 3097 3392 justitiae
3151 3318 3369 3374 videant
3424 3326 3612 3368 secum
3660 3308 3878 3380 pariter

2295 3424 2592 3481 corruisse.
2621 3421 2725 3489 Qui
2757 3418 2901 3487 lupis
2929 3423 3155 3486 propter
3177 3411 3289 3467 duo
3314 3401 3671 3479 comparandi
3700 3410 3877 3458 sunt.

2296 3517 2458 3587 lopus
2478 3514 2625 3570 euim
2659 3527 2766 3568 non
2813 3509 2991 3564 solum
3039 3504 3332 3562 lacerando
3357 3500 3548 3566 laniat,
3584 3497 3684 3554 sed
3711 3497 3881 3551 etiam

2298 3604 2598 3669 bominem,
2620 3614 2780 3671 quem
2811 3598 2962 3668 prius
2984 3593 3282 3667 aspexerit,
3312 3592 3429 3647 visu
3460 3597 3727 3644 venenato
3755 3602 3884 3642 rau-

2299 3709 2425 3753 cum
2454 3693 2607 3758 l'acit,
2641 3692 2716 3747 ita
2744 3691 2889 3761 quod
2923 3705 3029 3745 non
3063 3687 3166 3742 nisi
3191 3700 3321 3742 voce
3349 3684 3580 3740 obscura
3602 3691 3661 3737 ct
3690 3680 3887 3751 imper-

2302 3787 2447 3845 fecta
2492 3786 2639 3855 loqui
2673 3783 2861 3855 possit.
2923 3779 3191 3837 Similiter
3229 3787 3605 3838 contumaces,
3652 3770 3886 3841 justitioe

2303 3882 2609 3945 invasores,
2659 3894 2764 3934 nou
2794 3878 2969 3934 solum
3011 3873 3240 3932 virendo
3267 3884 3467 3940 corpus
3514 3865 3773 3924 Ecclesia:
3804 3862 3888 3919 la-

2303 3976 2478 4041 niant,
2508 3975 2604 4030 sed
2632 3974 2798 4030 etiam
2827 3970 2986 4026 malis
3018 3967 3304 4037 colloquiis
3327 3962 3535 4020 semiue
3576 3956 3891 4015 discordia·

2305 4083 2450 4135 rum,
2486 4065 2685 4137 jaculis
2730 4063 3154 4128 detractionum,
3205 4067 3433 4113 caeteros
3460 4056 3600 4109 adeo
3638 4050 3890 4120 elingues

2306 4161 2562 4225 reddunt,
2591 4170 2653 4214 ut
2682 4160 2735 4213 in
2757 4172 2929 4213 causa
2964 4158 3054 4212 Dei
3081 4169 3180 4225 pro
3205 4151 3453 4208 libertate
3472 4145 3697 4219 justitia’
3735 4139 3890 4213 loqui

2306 4268 2413 4309 non
2443 4253 2672 4324 possint.
2712 4249 2873 4307 Tales
2913 4263 3045 4319 ergo
3072 4245 3181 4316 lupi
3213 4258 3397 4301 morsu
3440 4253 3660 4305 canum,
3707 4232 3766 4291 iil
3804 4238 3894 4289 est

2305 4349 2597 4410 severitate
2641 4343 2940 4414 disciplinae
2968 4337 3355 4399 ecclesiastica*
3394 4330 3685 4405 appetendi
3733 4338 3896 4401 sunt,

2306 4454 2368 4501 ut
2398 4443 2557 4498 modo
2580 4454 2675 4512 per
2691 4432 3338 4496 excommunicationem,
3365 4426 3524 4485 modo
3545 4438 3641 4499 per
3659 4437 3894 4495 suspen-

2308 4539 2542 4601 sionem,
2591 4528 2886 4603 aliquaudo
2924 4524 3212 4598 disciplina
3257 4519 3558 4590 corporali,
3597 4514 3896 4589 aliquando

2311 4633 2472 4689 taedio
2499 4628 2729 4694 silentii,
2767 4627 2925 4697 quasi
2974 4620 3232 4680 dentibus
3258 4614 3586 4690 quibusdam
3629 4610 3792 4669 fracti
3835 4618 3924 4669 et-

2309 4722 2631 4783 commiuuti
2656 4717 3023 4790 correptiores
3048 4716 3104 4771 in
3125 4705 3594 4783 eorpuanectestae
3615 4700 3900 4777 tranctan-

2313 4831 2422 4876 tur.
2452 4816 2546 4874 Sic
2569 4813 2718 4873 enim
2752 4824 2880 4869 cera
2921 4806 3117 4865 durior
3141 4804 3212 4862 ad
3247 4804 3430 4875 ignem
3463 4792 3786 4871 liquefacta.
3833 4790 3898 4851 in

2311 4909 2614 4977 quamlibet
2658 4904 2948 4972 imaginem
2995 4895 3156 4955 facile
3199 4890 3462 4959 vertitur,
3499 4882 3924 4961 ⁸10th

2313 5005 2462 5061 ferro
2498 5001 2798 5065 excutitur,
2822 4997 2902 5050 sie
2942 5005 3074 5049 rasa
3118 4985 3337 5045 flumini
3363 4985 3507 5041 inter
3531 4977 3799 5042 musam
3839 4985 3907 5045 αἱ»
3997 4977 3999 4981 ’

2313 5101 2562 5157 incudem
2598 5093 2954 5153 fabricantur.
2978 5089 3062 5145 sit:
3086 5089 3279 5157 [tysim
3311 5077 3623 5143 uiritim*
3639 5073 3815 5137 nullu,
3832 5073 3943 5152 ,hg
3971 5114 3999 5170 ,ι

2313 5193 2616 5249 cantilat-ern
2662 5185 2946 5245 vertitur:
2974 5188 3038 5237 et.
3066 5177 3239 5237 vinea
3279 5185 3403 5245 qm
3452 5169 3619 5249 Ιιιιιμ
3667 5169 3939 5252 ”Q-

2313 5285 2438 5361 gelu
2458 5293 2702 5357 gemmas
2714 5277 2978 5346 emittere
2998 5289 3110 5337 nun
3130 5269 3331 5373 patuit,
3359 5261 3691 5337 advenimus
3711 5257 3941 5345 &Q
3997 5342 3998 5345 Ἴ
