4425 6450
280 323 333 389 tor
425 283 460 299 ”

795 326 964 385 STEPHANI
983 328 1223 390 rorirticitrtsts
1244 334 1396 394 episcopi

1859 348 1912 406 lde

281 454 337 496 eon
354 438 514 509 maioribus,
529 440 679 497 liberaliter
698 440 841 499 deieratis.
862 446 908 501 Est
922 448 948 501 in
964 449 1070 518 episro·
1086 454 1111 513 Α
1127 452 1175 517 tia,
1195 453 1228 507 de
1249 464 1339 509 restra
1362 455 1448 522 gratia
1470 456 1662 515 conlidentcm.
1679 459 1756 516 Sicut
1778 461 1914 519 intellexi-

284 536 349 604 p'atu
365 543 457 589 restro
477 533 592 589 ecclesia
613 535 737 601 quedam
754 546 846 592 nostra
870 538 895 592 in
917 539 1007 592 r‘iliula
1025 556 1073 595 no·

283 635 352 689 stra,
364 639 423 694 quat
447 623 588 678 Sosiacum
611 623 711 680 dicitur
726 626 798 695 (96),
812 638 866 682 tam
884 627 999 684 obseura
1024 645 1073 684 no·

283 716 462 786 ntinc,quam
485 716 573 772 tenuis
597 716 741 780 facultate,
764 720 790 773 in
806 735 859 788 qua
878 721 931 776 dito
946 723 1071 778 canonici

284 807 342 876 (97)
361 807 500 878 regulares
523 823 617 864 euram
643 810 780 877 parochie
797 821 922 881 gerentes
936 812 992 885 (98)
1018 815 1072 869 bro

284 898 453 963 deserviunt,
470 899 569 968 quibus
582 899 712 956 officiales
728 901 810 957 restri
824 902 967 957 occasione
981 907 1072 970 cuius·

283 988 345 1043 dant
361 988 491 1055 collecte,
502 1005 583 1060 qnam
597 989 695 1048 iecisse
708 1008 755 1050 ros
771 994 874 1062 dicturi,
893 996 1072 1065 quadraginin

282 1080 432 1136 solidorum
455 1097 525 1139 onus
543 1083 698 1154 imponunt,
713 1085 784 1156 qnod
804 1101 892 1156 neque
910 1100 971 1149 nos,
985 1101 1072 1156 neque

282 1172 380 1229 Patres
395 1176 480 1234 nostri
495 1175 635 1246 suscipere
648 1178 839 1233 consuevimus
855 1179 934 1249 172
949 1188 996 1233 aut
1009 1195 1073 1249 por·

284 1273 353 1319 tare.
376 1263 520 1325 ilentiitite
541 1266 620 1323 nobis
643 1268 715 1323 banc
737 1268 890 1337 angariam,
911 1267 1000 1332 Pater,
1013 1284 1073 1337 qne

283 1363 309 1411 el
327 1355 405 1411 nobis
421 1366 465 1412 est
479 1358 565 1423 oneri,
588 1369 615 1413 et
631 1359 707 1414 tobis
727 1360 816 1414 lutura
832 1374 884 1415 non
904 1369 944 1415 est
964 1361 1071 1416 bouori.

282 1448 312 1502 ln
328 1447 389 1504 aliis
403 1449 614 1520 episcopatibus,
631 1451 775 1509 l‘arisiensi
791 1451 897 1507 scilieet
912 1463 939 1507 ci
951 1452 1073 1508 Suessios

283 1541 362 1596 nensi
378 1540 446 1612 (99),
463 1540 541 1597 liberi
554 1553 616 1598 suni
633 1544 667 1597 ab
691 1544 733 1599 liis
755 1545 884 1600 oneribus
909 1544 1008 1600 iratres
1025 1561 1073 1599 no·

284 1631 351 1695 stri,
367 1645 417 1687 nee
442 1646 456 1685 a
473 1633 562 1702 robis,
578 1635 633 1689 beo
650 1634 776 1701 uolente,
797 1635 905 1705 grat-ari
932 1635 1070 1704 inerieni,

206 1737 214 1760 ι
283 1723 330 1789 qui
355 1737 404 1790 per
426 1737 485 1789 vos,
509 1725 581 1780 sieut
605 1725 776 1792 rotiliditnns,
800 1725 945 1796 specialius
967 1727 1073 1781 delendi

284 1813 425 1870 deberent.

445 1908 622 1982 173174
640 1910 808 1968 epistota
826 1910 918 1967 clix.

358 2013 392 2052 ao
411 2015 582 2055 optinetur·
603 2015 743 2057 nenrnseu
761 2016 996 2056 ancntertscurun.

283 2085 354 2144 Petit
368 2091 568 2145 translationem
583 2090 722 2173 eujusdam
742 2092 864 2147 inonaelii
883 2093 911 2146 ιι
926 2092 1000 2145 eliud
1018 2108 1073 2145 mo·

601 2172 756 2216 neoterium.

317 2247 410 2317 Capax
424 2258 464 2305 cst
479 2251 574 2321 gratie
592 2259 690 2307 restrae
706 2251 793 2317 sinus,
813 2251 904 2318 Pater,
927 2263 954 2308 ei
969 2252 1008 2308 sie
1028 2268 1074 2321 pa-

1125 559 1196 610 nius,
1215 546 1299 601 irater
1323 555 1365 601 est
1383 547 1540 612 draconum,
1558 557 1583 601 ct
1608 552 1699 607 socius
1718 554 1912 625 struthionum,

1124 646 1151 691 et
1175 636 1246 693 iiitcr
1267 639 1426 709 scorpiones
1443 643 1585 709 babitans,
1601 644 1796 699 monachorum
1820 647 1914 702 simul·

1126 736 1196 782 tates
1211 738 1238 783 et
1257 731 1317 784 odia
1333 746 1365 786 eo
1376 734 1458 788 sentit
1475 735 1644 803 proiitndius,
1660 750 1713 804 quo
1733 738 1913 805 propinquius

1125 817 1254 880 intuetur.
1275 817 1332 875 lion
1349 831 1390 875 cst
1411 822 1457 891 qui
1474 821 1629 877 consoletur
1643 835 1723 887 eum,
1740 822 1790 876 uisi
1806 837 1820 876 a
1838 825 1914 878 robis

1124 916 1149 972 ci
1174 917 1256 973 citius
1280 917 1450 972 cotisulatnr.
1476 916 1522 972 llir
1549 925 1601 980 est,
1620 917 1665 986 qni
1692 916 1744 972 etsi
1771 919 1841 985 apud
1866 933 1914 971 ros

1124 1005 1309 1061 commendari
1326 1020 1378 1059 non
1403 1014 1480 1075 egeat
1503 1006 1681 1061 emendicatis
1700 1004 1855 1076 suffragiis,
1881 1007 1914 1060 de

1126 1114 1169 1154 me
1184 1108 1272 1153 tamen
1290 1100 1427 1155 estimans
1440 1113 1520 1168 supra
1540 1114 1592 1165 ine,
1609 1100 1697 1170 jurari
1714 1114 1743 1154 se
1757 1099 1843 1153 eredit
1858 1114 1915 1168 pre·

1125 1189 1203 1245 cibus
1218 1189 1324 1244 alienis.
1339 1189 1454 1244 Educite
1477 1204 1550 1253 cuin,
1573 1189 1595 1244 si
1612 1189 1715 1259 placet,
1731 1189 1765 1243 de
1781 1188 1820 1245 Ur
1834 1189 1915 1243 Cltal-

1125 1280 1263 1344 ilaeorutn,
1291 1281 1360 1350 quod
1391 1282 1587 1352 interpretatur
1610 1282 1762 1340 iircendntnt
1781 1284 1915 1349 capritan-

1125 1372 1203 1435 tium,
1225 1379 1253 1424 tit
1274 1387 1335 1424 etun
1352 1369 1482 1425 liberatus
1498 1370 1581 1425 inerit
1603 1386 1618 1423 a
1640 1370 1720 1429 labiis
1735 1372 1835 1441 ittiqnis
1858 1382 1912 1426 eta

1125 1459 1215 1529 lingua
1236 1461 1347 1525 detnsa,
1362 1460 1486 1516 immolet
1507 1475 1556 1530 pro
1571 1461 1647 1517 robis
1665 1461 1719 1516 Deo
1747 1464 1912 1528 sacrificiunt

1125 1549 1223 1615 laudis,
1238 1561 1265 1605 ci
1283 1552 1376 1607 reddat
1391 1551 1534 1607 ditissimo
1548 1564 1607 1607 rota
1621 1568 1681 1607 sua.

1339 1694 1417 1765 175
1433 1693 1599 1752 epistota
1619 1695 1700 1751 CXX.

1090 1799 1161 1870 Bell
1181 1799 1304 1840 iteeodrtr
1328 1801 1450 1841 ΑΒΒΑΤΕΙ
1475 1801 1500 1843 S.
1521 1802 1656 1843 videderit
1676 1800 1913 1842 sitiidecresstS.

1127 1896 1249 1962 Postulat
1268 1910 1294 1953 ιιι
1310 1901 1410 1983 ueniant
1428 1902 1551 1957 concedet
1563 1901 1667 1956 cnidum
1681 1901 1806 1956 cononice
1827 1918 1913 1955 rerer·

1320 1980 1382 2024 tenu
1395 1974 1421 2024 iit
1435 1987 1510 2025 serim
1522 1972 1719 2026 monesterium.

1160 2081 1329 2137 Citarissinio
1342 2083 1419 2137 l'rairi
1433 2091 1461 2139 et
1476 2084 1564 2139 amico
1581 2081 1794 2148 lledom,abbali
1809 2083 1837 2142 S.
1851 2083 1914 2141 Vio-

1126 2174 1208 2228 eentii
1225 2173 1444 2244 sylvanectensis
1458 2173 1544 2231 irater
1558 2174 1717 2231 Srrrnirins
1730 2174 1763 2230 de
1778 2172 1808 2230 S.
1824 2174 1914 2231 Geno-

1125 2264 1185 2319 reli
1204 2264 1320 2318 salutem
1333 2274 1358 2319 et
1369 2265 1502 2320 sinceram
1515 2264 1701 2321 dilectionem.

283 2349 345 2396 tens
365 2345 508 2410 ornnibiis,
522 2356 552 2401 ut
570 2362 624 2402 non
643 2347 751 2404 deliciet
764 2349 889 2424 singulis,
903 2357 929 2403 ct
948 2347 1073 2419 prolleiat
1162 2354 1244 2410 tinnit
1271 2369 1320 2409 nns
1344 2363 1470 2410 senectus
1492 2365 1520 2409 et
1545 2354 1707 2425 snpplicatio
1732 2354 1867 2411 biremis
1886 2365 1915 2417 et

283 2433 431 2490 universis.
449 2435 620 2493 Erubescant
634 2450 661 2495 et
681 2448 859 2496 revereantur
875 2440 990 2512 ingrati,
1003 2454 1073 2509 quos
1125 2444 1307 2503 concanonici
1333 2444 1431 2512 nostri,
1452 2444 1499 2514 qni
1523 2446 1562 2501 sin
1580 2461 1595 2500 n
1622 2447 1698 2502 nnpps
1721 2447 1839 2518 pnannq
1865 2464 1912 2503 nn..

281 2525 454 2596 frequentius
474 2530 647 2598 preveniunt
664 2531 797 2587 benebeia
815 2540 913 2598 restra,
929 2547 1010 2601 quani
1026 2545 1073 2594 eoa,
1124 2537 1209 2601 niani,
1223 2545 1252 2593 ut
1265 2551 1342 2591 snam
1358 2549 1410 2590 non
1437 2534 1583 2590 dibiieainr
1608 2536 1726 2607 culpant.
1740 2536 1855 2592 Paratus
1871 2547 1913 2592 est

282 2633 344 2674 rum
369 2621 499 2690 obsequia
522 2621 736 2694 subsequantur.
760 2622 799 2679 be
826 2624 919 2680 talium
942 2626 1072 2681 indevoto
1124 2626 1311 2683 satisfactioni
1336 2641 1450 2697 parere,
1466 2634 1492 2679 et
1508 2626 1724 2682 misecicordiam
1746 2637 1862 2682 nestram
1883 2630 1911 2683 in

281 2725 396 2768 numero
410 2727 463 2768 non
478 2728 538 2770 esse
556 2716 694 2778 eredimus
705 2715 756 2771 Tb.
771 2717 935 2774 monacbum
952 2729 1072 2775 restrum
1123 2717 1296 2774 consessione
1308 2727 1401 2773 reatus
1413 2717 1466 2785 sni,
1479 2733 1512 2773 ne
1524 2727 1627 2788 pereat,
1641 2719 1798 2789 prevenire.
1814 2718 1915 2775 l‘reces,

281 2802 309 2867 in
325 2804 500 2865 tribulatione
517 2823 564 2865 sua
584 2798 717 2866 deresira
737 2820 891 2882 sperantem
910 2810 1072 2870 ueneratus,
1125 2810 1263 2866 lundimus
1284 2817 1311 2864 et
1326 2824 1376 2864 eos
1396 2823 1445 2879 pro
1466 2824 1499 2865 co
1513 2819 1561 2875 tit,
1585 2810 1801 2867 consideratione
1824 2811 1912 2868 aetatis

317 2943 374 3010 (96)
390 2942 550 3010 Sosiacum,
564 2945 643 3013 culpo
658 2945 772 3016 Clioisp,
788 2947 816 3001 in
832 2947 942 3003 diaecesi
964 2949 1069 3006 cnnnn.
1159 2944 1216 3015 (tir)
1232 2942 1261 2997 ln
1278 2941 1323 2997 illa
1336 2940 1441 2998 ordinis
1455 2941 1650 2998 reformatione
1665 2958 1724 3012 qnae
1744 2943 1843 2997 saeculo
1858 2946 1912 2997 eir-

282 3013 363 3072 tensi.
385 3013 508 3083 subjacet
525 3016 599 3070 otnni
621 3016 742 3072 dominio
755 3017 878 3073 ecelesiae
894 3018 1001 3073 Sancta
1015 3019 1070 3075 (le-
1123 3016 1193 3071 citer
1207 3030 1244 3069 rit
1262 3013 1332 3067 lacta
1347 3021 1401 3077 est,
1419 3013 1473 3068 duo
1486 3012 1527 3068 rel
1541 3023 1595 3067 tres
1607 3014 1731 3094 canonici
1748 3014 1774 3067 in
1789 3030 1911 3080 uitaque-

283 3083 397 3145 nnrel'rr.
415 3082 479 3139 llaee
518 3086 628 3139 arocbia
651 3085 800 3141 recabatur
817 3088 880 3142 olim
897 3088 926 3143 S.
943 3087 1015 3144 Petri
1037 3090 1070 3143 ad
1124 3101 1177 3156 que
1198 3083 1328 3154 parocbia
1345 3082 1535 3148 morabantur,
1555 3082 1604 3150 tel.
1619 3094 1701 3138 ellani
1717 3083 1820 3151 blites-
1833 3084 1911 3149 Quod

281 3154 391 3223 liores,
411 3163 438 3208 et
461 3099 523 3209 dida
550 3154 608 3222 ipsa
625 3156 738 3223 dicitur,
761 3156 882 3222 Gallice,
903 3156 1000 3230 Ciroitp
1018 3148 1109 3214 enei}
1125 3170 1233 3224 semper
1247 3153 1419 3209 obseruatum
1432 3152 1516 3208 luisse
1534 3152 1622 3236 'inuiis
1637 3168 1728 3222 qnaea
1746 3154 1915 3235 monasterio

282 3223 382 3292 beust,
401 3237 433 3279 eo
457 3224 528 3294 quod
550 3223 639 3281 lorum
665 3227 729 3282 inibi
754 3228 905 3284 lrabebatur
928 3230 1073 3287 celeberri·
1125 3228 1154 3284 S.
1168 3221 1644 3306 chovelaependebant,aediscnnus
1659 3233 1912 3305 ιιιιιιιιιιιιιιιιι-

282 3309 368 3354 inunt,
385 3295 411 3355 in
427 3309 480 3364 que
494 3295 577 3350 botes
591 3296 771 3367 undequaque
783 3298 892 3353 ailducti
907 3301 989 3356 certis
1004 3301 1071 3356 bob·
1124 3299 1186 3352 dem
1202 3293 1311 3365 Regalis
1326 3301 1354 3349 ct
1363 3295 1603 3349 constitutionibus
1619 3294 1756 3363 inquibus
1771 3310 1834 3375 cap.
1846 3313 1862 3375 ιΙ
1876 3295 1911 3347 be

281 3364 406 3418 domadae
420 3363 516 3419 diebus
527 3365 754 3429 diuendebantnr,
769 3369 841 3436 quod
856 3377 951 3437 postea
967 3369 994 3426 iti
1010 3371 1071 3426 uilla
1126 3367 1168 3424 liis
1184 3366 1230 3437 qui
1256 3367 1289 3421 ad
1307 3363 1477 3420 obedientias
1499 3373 1706 3446 consecrantur,
1725 3383 1733 3416 t
1752 3378 1911 3445 praecipitur

280 3431 449 3489 Pisciaeensi
464 3434 614 3502 prestitum
629 3444 681 3491 esi.
694 3437 761 3492 Cum
777 3447 868 3492 antem
884 3438 941 3494 baee
955 3440 1071 3496 ecelesia
1127 3457 1137 3491 ι
1157 3446 1186 3492 ιι
1201 3436 1302 3493 iratres
1324 3433 1370 3504 qui
1387 3433 1423 3514 ad
1443 3433 1628 3514 obedientias,
1643 3436 1669 3488 id
1692 3443 1734 3514 est
1748 3437 1910 3516 paradinas,

281 3501 309 3555 itt
336 3516 434 3557 manus
458 3503 564 3560 alienas
594 3506 765 3573 devertisset,
797 3508 904 3563 tandem
935 3511 1079 3575 canonicis,
1124 3514 1342 3569 commorantur,
1358 3502 1385 3556 in
1401 3503 1515 3572 singulis
1538 3503 1603 3557 locis
1624 3513 1680 3558 tres
1694 3519 1716 3558 si
1739 3505 1795 3582 lieri
1810 3514 1909 3572 putet,

283 3570 392 3627 Sanctae
420 3571 567 3629 Genorelae
595 3575 719 3632 restituta
748 3587 790 3633 est
813 3592 862 3648 per
885 3577 1072 3649 Guillelninm,
1124 3579 1166 3633 rel
1186 3579 1239 3632 duo
1254 3576 1287 3629 ad
1301 3574 1391 3628 minus
1406 3587 1467 3626 esse
1480 3573 1615 3627 debent.»
1636 3571 1732 3627 Verum
1747 3586 1828 3625 ettam
1844 3575 1914 3629 iltnd

283 3650 348 3696 tune
363 3641 549 3700 senonensem
563 3646 809 3716 archiepiscopum,
825 3649 871 3718 qui
887 3652 970 3704 etiam
986 3650 1075 3706 adini·⁴
1124 3648 1213 3717 ipsum
1228 3644 1384 3723 decernitur
1400 3655 1448 3710 per
1467 3641 1612 3722 diplomata
1632 3657 1799 3728 stridularum
1821 3647 1909 3708 pronti-

281 3711 502 3771 nistrationeme
522 3714 661 3785 iscopatus
676 3717 852 3774 carnotensis
865 3721 987 3789 gerebat,
1003 3731 1073 3778 teste
1124 3722 1203 3772 licum
1226 3713 1375 3772 Celesiitn,
1402 3712 1548 3766 Alexandri
1569 3711 1600 3792 ill
1615 3721 1643 3767 et
1663 3712 1810 3792 biennenus
1827 3712 1857 3764 ill
1884 3731 1909 3767 ιιι

282 3781 405 3838 lieberto
428 3783 462 3838 de
512 3792 577 3839 onte
603 3786 630 3839 in
661 3784 848 3856 supplemento
873 3789 1006 3860 sigeberti
1031 3793 1073 3848 bis
1122 3789 1181 3844 baec
1201 3787 1334 3838 veritati
1355 3780 1559 3846 scaturrirent
1583 3780 1916 3864 Ιιιιιιιοιιιι19999998,

281 3852 390 3907 verbis:
406 3853 639 3925 ‹drebiepiscopo
650 3854 798 3912 Senouensi
817 3859 842 3913 in
855 3859 909 3914 lata
919 3861 1073 3926 recedente,
1123 3855 1247 3913 ccelesiis
1260 3863 1379 3923 quatuor
1389 3860 1436 3906 ant
1449 3862 1505 3906 ties
1519 3857 1552 3905 ad
1572 3867 1661 3906 minus
1677 3867 1709 3905 er
1725 3851 1855 3906 iratribus
1870 3872 1910 3907 in-

281 3920 445 3978 Guillelmus
471 3923 575 3980 electus
599 3928 776 3984 carnotensis
793 3930 817 3983 ei
841 3931 985 3995 suecessit,
1006 3947 1074 3986 enti·

282 4005 362 4049 cesso
374 4003 465 4048 tamen
480 3995 506 4049 el
521 3994 678 4066 episcopatu
693 3997 854 4053 Carnoiensi
870 4014 918 4067 per
934 4001 1072 4056 biennium

281 4075 380 4133 apapa
394 4063 561 4130 dierunoro,
575 4065 602 4119 id
623 4076 664 4124 cst
685 4082 770 4137 usqne
788 4070 821 4123 atl
837 4084 938 4124 atinum
964 4072 1040 4129 llll,
1061 4091 1070 4124 ι

281 4146 337 4258 ἓιιο
361 4143 484 4203 ternpore
505 4136 663 4203 parocbiam
682 4137 716 4192 de
740 4139 865 4193 eoisiaeo
887 4141 1026 4195 canonicis
1042 4141 1071 4199 S.

308 4202 430 4261 enerelae
464 4218 515 4274 per
540 4205 663 4261 chartam
693 4207 738 4263 bic
769 4210 918 4278 appositam
944 4210 1072 4265 firmarit.

286 4290 296 4324 ι
313 4271 476 4328 Guillelmus
489 4271 537 4328 lter
554 4275 641 4344 gratia
658 4275 827 4337 senonensis
839 4280 1071 4349 archiepiscopus,

282 4350 313 4396 et
329 4343 572 4410 apostolicaesedis
594 4342 708 4413 legatus,
724 4349 850 4403 omuibus
864 4361 965 4403 sanetae
979 4353 1073 4406 aratris

283 4410 414 4466 Ecclesiae
436 4412 501 4469 ditis
522 4422 578 4467 tam
598 4413 697 4469 laturis
722 4432 802 4486 quant
827 4419 1015 4487 presentibus,
1039 4422 1071 4472 ad

1124 3928 1249 3989 stituere,
1267 3926 1304 3977 ita
1317 3923 1388 3991 quod
1403 3936 1473 3976 intus
1487 3936 1581 3979 eorum
1596 3936 1610 3973 a
1627 3930 1664 3980 te.
1681 3922 1717 3975 lili
1734 3921 1828 3986 abbas,
1844 3925 1910 3976 dite-

1124 3995 1368 4063 cesanoepiscopo
1389 3999 1608 4062 repraesentetur,
1627 3993 1674 4060 qui
1697 3994 1730 4046 de
1749 4007 1830 4046 mann
1853 3996 1910 4062 ejus

1124 4084 1219 4124 ruram
1239 4065 1353 4134 recipiat
1369 4064 1532 4117 animarum.
1547 4063 1615 4117 Cum
1630 4073 1719 4116 autem
1737 4076 1780 4115 res
1791 4065 1911 4132 etegerit

1123 4149 1150 4196 et
1162 4136 1244 4190 luerit
1255 4144 1447 4204 opportunum,
1462 4131 1576 4185 liberum
1588 4133 1665 4186 vobis
1677 4132 1710 4187 sii
1721 4145 1769 4186 cos
1784 4146 1910 4188 retonare

1124 4212 1156 4264 ad
1172 4206 1337 4267 claustrum,
1355 4214 1383 4257 ct
1397 4203 1465 4256 aiios
1484 4201 1564 4256 ineis
1583 4202 1642 4257 loco
1656 4217 1767 4268 eornm,
1781 4206 1909 4271 quemad-

1125 4280 1234 4332 rnoduni
1257 4275 1393 4337 dirimas,
1409 4270 1591 4334 substituere,
1607 4273 1763 4335 dnnnnodo,
1781 4273 1826 4341 qni
1842 4289 1910 4339 prae

1124 4363 1186 4403 esse
1209 4344 1376 4407 dclnierit,a
1403 4341 1559 4397 dioecesano
1576 4343 1705 4411 episcopo
1727 4343 1910 4412 spiritualium

1125 4424 1218 4475 euram
1234 4414 1358 4482 accipiat.
1378 4433 1388 4469 t

282 4497 351 4549 quos
370 4481 467 4536 litterae
482 4492 631 4552 praesentes
647 4489 831 4555 pervenerint,
851 4490 876 4541 in
899 4488 1014 4545 lietuino
1026 4506 1072 4542 sa·
1089 4489 1110 4544 ι)
1161 4487 1218 4559 (98)
1233 4487 1299 4539 ditio
1313 4484 1437 4540 canonici
1450 4481 1589 4553 redu!ares
1605 4483 1659 4536 ⁸5¹st
1672 4497 1736 4537 ‘⁰⁹⁸
1754 4492 1782 4537 ⁰¹
1800 4499 1881 4551 propr
1885 4486 1910 4539 10

227 4567 236 4584 ι
283 4550 379 4604 Ιιιιιιιι.
396 4552 464 4607 Curti
484 4551 641 4620 jurisdictio
654 4556 831 4620 Caritutensis
845 4558 972 4614 Ecclesiae
994 4561 1072 4616 uobis

282 4631 355 4675 esset
376 4623 535 4689 commissa,
553 4624 629 4695 liupo
650 4626 732 4691 abbas
747 4636 775 4682 et
789 4628 911 4699 canonici
934 4628 964 4682 S.
980 4628 1071 4684 Geno-

282 4692 350 4745 rete
363 4693 525 4751 parisiensis
545 4710 616 4762 saepe
638 4705 665 4748 et
681 4696 794 4750 iiniltirut
809 4698 1008 4766 querimoniam
1025 4701 1072 4755 tie-

282 4760 404 4817 tnlerunt
425 4778 507 4834 super
530 4765 680 4824 Ecclesiam
706 4767 739 4820 de
763 4766 905 4829 soisiaco„
929 4783 1009 4838 quarn
1037 4770 1071 4825 ab

281 4829 404 4888 Ecclesia
424 4850 472 4889 sna
496 4836 624 4890 videbant
638 4835 761 4903 alienari,
777 4836 855 4906 eujus
863 4837 934 4905 juris
947 4841 1070 4894 eannlcnt

280 4915 342 4955 esse
361 4913 502 4957 constaret
518 4906 667 4975 ainqnistra
689 4922 755 4977 ergo
769 4910 806 4977 rei
828 4909 942 4964 ienitate
954 4924 985 4963 ex
1002 4911 1071 4963 mla·-

284 4970 356 5025 tione
382 4972 474 5026 dilecti
499 4972 546 5029 liiii
571 4977 657 5028 nostri
678 4978 780 5033 lidonis
803 4979 922 5046 praelata
942 4979 1071 5034 Ecclesiae

282 5042 419 5108 quondam
439 5040 562 5106 abbatis,
586 5043 756 5114 aliarumque
773 5043 954 5118 legitimarum
977 5065 1070 5118 perso·

281 5124 379 5174 aarum
403 5113 439 5166 ita
464 5127 494 5176 se
513 5111 613 5167 babere
635 5129 685 5184 pro
706 5127 782 5175 certo
808 5121 1001 5190 comperimus.
1018 5121 1069 5175 lla-

279 5190 394 5251 propter
416 5191 471 5237 iam
485 5183 583 5241 intuitu
598 5183 710 5250 iustitiae
727 5201 808 5254 qnam
832 5190 934 5246 domini
952 5205 1027 5260 papie
1042 5199 1068 5244 et

279 5252 433 5306 amicorum
463 5261 618 5309 nostrorum
648 5256 803 5318 interrennt
826 5261 969 5324 eeclesiam
995 5259 1068 5313 iilam

280 5322 420 5444 gredictis
433 5322 565 5379 iratribus
576 5325 770 5390 concedimus,
787 5329 823 5380 ita
836 5343 864 5383 nt
884 5331 962 5385 liceat
977 5329 1068 5383 abbati

303 5390 472 5453 perrunde
488 5397 636 5455 canonicos
656 5411 720 5453 suos
735 5397 772 5451 ibi
788 5412 900 5467 ponere,
917 5400 992 5453 saltn
1006 5397 1069 5468 jure

280 5462 427 5532 episcopali
452 5479 501 5532 per
524 5467 627 5521 omitia.
651 5466 713 5523 llaec
741 5476 770 5522 ut
792 5480 851 5523 rata
877 5471 902 5523 in
929 5483 1067 5539 posterum

278 5544 479 5604 permaneant,
501 5535 597 5606 scripti
620 5537 699 5606 liujus
722 5541 914 5605 attestatione,
938 5549 964 5594 et
987 5540 1066 5609 sigilii

280 5602 375 5671 nostri·
387 5603 565 5676 impressione
578 5611 782 5665 continuamus.
798 5631 807 5662 ι
824 5612 898 5665 llane
910 5613 1071 5676 concessio-¹

281 5685 342 5810 &cin
358 5680 446 5752 retain
463 5675 556 5733 babuit
568 5678 722 5736 Alexander
736 5669 765 5734 lit
782 5696 830 5736 stro
845 5682 991 5752 diplomate
1004 5684 1066 5735 tinio

306 5741 391 5810 itpeuli
405 5757 444 5811 itti
461 5743 573 5813 litiicnd.
587 5747 663 5821 dati,

1126 4559 1229 4620 cleriei,
1244 4554 1277 4607 ad
1291 4569 1339 4607 cos
1353 4562 1459 4624 spectat
1472 4553 1623 4606 animarum
1635 4553 1749 4622 proximi
1767 4556 1847 4606 saluti
1864 4571 1910 4606 ra·

1126 4644 1207 4691 care,
1239 4631 1267 4678 ct
1295 4625 1486 4691 parochiarum
1514 4623 1775 4677 adinittisiratimtem
1802 4640 1906 4691 gerere.

1125 4700 1179 4755 Sed
1199 4696 1297 4756 saeculo
1322 4708 1358 4748 ιιιι
1377 4695 1486 4766 quidam
1511 4693 1630 4762 episcopi
1650 4695 1822 4748 attendentes
1838 4695 1915 4762 quud

1125 4772 1174 4838 ipsi
1193 4771 1217 4821 in
1233 4767 1358 4820 claustris
1368 4767 1454 4819 ritant
1477 4765 1619 4818 ittonacbis
1638 4780 1691 4818 nott
1707 4764 1784 4818 raliic
1799 4767 1910 4817 absimi-

1125 4841 1175 4894 lem
1189 4837 1310 4892 exterius
1324 4838 1467 4904 ducerent,
1481 4849 1496 4887 a
1511 4834 1700 4904 parochiarum
1717 4834 1848 4903 regimine
1863 4851 1910 4887 ru·

1123 4911 1217 4965 lebant
1241 4923 1288 4962 cos
1309 4905 1469 4969 excludere;
1494 4905 1567 4973 quod
1593 4907 1746 4972 presertim
1761 4904 1861 4958 accidit
1882 4906 1908 4959 in

1122 4983 1278 5050 episcopatu
1294 4976 1481 5031 Leinoiicensi
1494 4977 1565 5029 circa
1582 4975 1728 5030 canonicos
1742 4975 1908 5042 Stirpeuses,

1123 5060 1150 5104 ct
1174 5052 1200 5103 iu
1224 5047 1414 5102 aurelianensi
1442 5048 1514 5102 circa
1543 5043 1844 5113 balgeittiaceitses.bt
1865 5048 1909 5100 liu

1122 5118 1311 5180 llarnotcnsis,
1326 5117 1431 5170 ordinis
1451 5116 1492 5172 sni
1516 5115 1613 5169 uindex
1634 5115 1802 5182 acerrimus,
1827 5131 1909 5170 cano·

1123 5205 1243 5260 nuniqnc
1266 5188 1407 5255 indagator
1435 5182 1672 5250 studiosissimus,
1700 5185 1778 5240 binas
1800 5187 1909 5256 scripsit

1122 5261 1261 5328 epistulas.
1274 5256 1379 5312 scilicet
1395 5255 1430 5313 69
1442 5258 1475 5310 ad
1488 5254 1629 5311 Galierum
1644 5257 1817 5325 praepositum
1833 5260 1909 5312 Ster-

1121 5345 1244 5401 pensent,
1260 5339 1287 5381 et
1297 5327 1351 5381 915
1366 5326 1399 5379 ιιι
1412 5325 1543 5381 ioannem
1559 5328 1715 5395 episcopum
1731 5327 1908 5381 Aurelianen-

1120 5416 1190 5465 sem,
1209 5400 1308 5469 quibus
1327 5397 1466 5450 eridculcr
1481 5395 1577 5465 probat
1600 5399 1745 5452 eanonicus
1771 5400 1909 5468 regulares

1120 5473 1154 5524 ad
1171 5473 1291 5542 regimen
1306 5467 1458 5521 animarum
1469 5481 1528 5520 esse
1540 5466 1704 5535 aptissimos

1156 5541 1213 5613 (99)
1233 5539 1350 5597 Διιιιιιιιιι
1376 5537 1404 5589 S.
1427 5535 1572 5592 Gettovclae
1594 5538 1676 5593 babet
1697 5540 1724 5591 in
1750 5539 1908 5608 episcopatu

1120 5613 1266 5667 varisiensi
1291 5606 1436 5678 narnetdas
1461 5608 1494 5662 dc
1516 5604 1626 5671 Vanum,
1647 5611 1680 5665 de
1695 5609 1906 5672 Nriiictliodniu,

1119 5687 1152 5736 de
1164 5680 1330 5740 llndnniacu,
1339 5681 1371 5730 dc
1386 5677 1538 5741 linissiaco,
1553 5677 1586 5731 de
1597 5679 1732 5747 Spittulio;
1748 5683 1774 5732 in
1787 5685 1908 5736 Suessio-

1119 5753 1194 5810 neusi
1214 5768 1287 5816 iero,
1303 5752 1335 5804 de
1350 5748 1490 5804 Firntiiate
1505 5748 1621 5818 llilonis,
1633 5762 1659 5806 ct
1671 5752 1702 5805 do
1719 5752 1870 5807 llarisiaen.
