4425 6450
206 437 211 446 “
234 439 304 499 titt

234 643 312 699 robis
326 641 406 711 qnasi
429 642 457 698 la
476 639 629 710 proverbiis
642 640 744 694 dictam
761 637 930 709 cognoscite.
947 637 1021 692 aeus

230 736 357 789 orrrrriurn
373 733 509 805 benignus
530 739 765 788 rectoretcnstos
778 730 953 786 sanctitatem
972 746 1016 786 rs·

233 834 319 879 stram
336 834 444 879 tucatur
454 822 634 886 incolumem,
648 831 677 875 et
688 821 714 874 in
727 835 793 875 eura
808 819 887 875 robis
899 816 1020 887 injuncta

231 926 379 973 strenuum
396 918 438 973 sui
452 918 537 987 ipsius
551 929 600 969 ros
614 912 697 968 iaciat
708 912 888 969 imitatorem.

518 1046 688 1103 ertstotn
704 1046 735 1101 ΙΙ.

544 1178 578 1217 tn
595 1176 714 1217 sesnes.

262 1278 410 1348 Confirmat
425 1294 457 1332 ea
475 1294 533 1348 qrrer
544 1277 570 1330 in
585 1275 742 1345 procedenti
754 1275 994 1344 episteladiserat.

273 1370 370 1440 llagno
383 1370 518 1425 sacerdoti
545 1368 684 1433 Puurrro,
699 1367 745 1423 bet
764 1369 850 1437 gratia
868 1369 1023 1425 Coloniensi

230 1461 461 1530 'aeetueptseopm
476 1461 562 1515 irater
576 1459 734 1515 &rasurus
750 1474 861 1514 snorum
875 1461 1023 1524 nriuimns,

234 1570 271 1608 es
288 1554 422 1623 adiutorio
434 1554 517 1622 liegis
536 1550 731 1607 etSaeerdotis
748 1553 843 1607 aeterni
859 1554 1024 1623 inpraesenti

236 1646 319 1714 digne
335 1645 409 1716 iringi
429 1645 603 1710 sacerdotio,
624 1653 652 1698 et
664 1644 755 1698 carrus
766 1659 823 1699 snm
836 1659 928 1699 curam
945 1644 1026 1699 disei-

237 1742 343 1812 pliuatc
361 1754 470 1809 regere,
487 1749 517 1791 ιιι
541 1738 568 1791 iu
582 1738 673 1792 loturo
691 1738 862 1792 sacerdotnm
885 1746 914 1792 et
932 1752 1025 1808 regunt

239 1834 392 1901 uniusmodi
430 1831 620 1886 beatissimum
655 1841 796 1887 merentur
822 1829 936 1901 adipisci
967 1828 1026 1886 col·

237 1927 349 1997 legium.

273 2019 340 2073 lium
358 2034 439 2088 snper
459 2018 575 2088 epistola
597 2017 675 2073 robis
698 2032 749 2086 per
770 2031 813 2071 me
835 2016 938 2071 directa
959 2014 1023 2069 nrilri

238 2122 397 2164 nasceretur
412 2111 573 2180 scrupulus,
588 2121 615 2164 et
632 2110 757 2178 trepidus
769 2107 920 2178 cogitarem
933 2118 1023 2161 utrtun

237 2202 335 2257 ruelins
349 2213 422 2256 esset
436 2205 558 2270 quaedam
577 2202 612 2257 ibi
625 2204 714 2272 posita
728 2200 828 2255 mutari
843 2199 884 2255 vel
898 2199 1002 2254 aboleri
1016 2240 1024 2263 ,

236 2302 286 2347 aut
300 2295 376 2349 robis
392 2294 490 2363 dirigi,
511 2295 623 2363 coniugi
647 2296 681 2347 art
696 2293 831 2348 orationis
846 2291 1022 2361 praesidinm,

237 2387 390 2454 deprecans
408 2394 440 2439 ut
455 2386 477 2439 si
489 2367 615 2440 sermea
641 2385 755 2438 ltornino
776 2381 976 2452 processisset,
998 2390 1023 2435 et

238 2478 373 2545 posuisset
392 2475 456 2530 illml
482 2475 508 2529 in
529 2490 579 2530 ore
599 2489 682 2539 rereo,
710 2482 818 2535 staret,
838 2480 867 2525 et
890 2472 955 2526 nribi
975 2471 1023 2539 ipsi

241 2582 328 2621 meam
344 2565 408 2620 iude
432 2564 633 2620 cunctationem
649 2569 801 2616 amoveret.
830 2559 923 2627 Orati,
938 2571 966 2615 et
981 2575 1026 2615 sa·

240 2656 381 2712 tisiactunt
402 2665 444 2712 est
457 2657 541 2720 nrilri3
559 2656 614 2709 ridi
630 2655 702 2709 enim
715 2665 741 2709 et
754 2652 872 2708 intellexi
886 2691 894 2716 ,
908 2666 962 2706 nnn
980 2665 1025 2705 sn·

239 2751 295 2805 lum
314 2751 398 2804 deretn
412 2751 536 2816 rationis,
551 2750 597 2804 sed
616 2760 643 2803 et
659 2748 789 2802 instinctu
803 2745 937 2810 veritatis,
954 2745 1025 2815 qrrml

240 2844 265 2897 is
279 2846 397 2913 optimas
419 2853 492 2898 esset
516 2840 643 2897 monendi
659 2840 755 2895 modus
776 2838 807 2893 iu
831 2853 888 2907 quo
912 2849 1026 2890 monens

242 2934 360 2990 fideliter
372 2945 400 2989 et
412 2944 492 2989 caute
507 2936 653 2998 incedens,
680 2948 743 2988 cunt
758 2946 840 3001 quem
860 2938 953 2985 tranet
977 2943 1027 2984 nec

947 405 1135 489 artaretur.

233 553 310 607 ιιιιῑιι.
320 541 367 605 'Et'
381 548 513 620 quidquid
527 548 576 604 bic
590 548 624 604 de
637 546 699 602 aliis
718 544 891 601 manilestnm
912 543 1020 615 legitur,
1035 552 1059 605 ,ι

1776 391 1856 481 ¹ts'u'o

1355 538 1520 597 aristosa
1540 538 1583 595 ill.

1389 646 1552 687 anensoerr.

1169 725 1280 782 (iratius
1294 725 1348 795 agit
1360 723 1392 778 de
1411 722 1543 794 beneficiis
1555 721 1587 776 ab
1602 736 1632 775 eo
1646 723 1770 792 arreptis.

1109 818 1304 874 Amantissimo
1329 817 1404 872 i‘atri
1444 815 1649 885 reverendoque
1673 815 1782 870 domino
1811 813 1860 870 Dei

1072 911 1159 983 gratia
1174 908 1331 965 Coloniensi
1343 906 1533 977 arcltipraesuli
1551 906 1688 971 l‘sttrrro,
1703 905 1788 961 irater
1797 904 1861 962 Gru·

1072 1019 1187 1067 sessus,
1200 1000 1322 1058 omnium
1342 1002 1397 1056 lire
1410 997 1602 1053 famulantium
1617 996 1745 1053 minimus
1759 1036 1767 1064 ,
1780 998 1806 1052 in
1820 995 1861 1050 al·

1075 1094 1147 1148 iectu
1163 1101 1191 1147 et
1205 1092 1304 1149 effectu
1318 1092 1517 1148 stretmissimae
1533 1090 1688 1147 dilectionis
1704 1091 1859 1162 seipsnmin

1072 1184 1196 1241 Christo.

1110 1280 1150 1333 bd
1183 1279 1343 1335 relerendas
1372 1278 1521 1349 gratiarum
1549 1279 1685 1346 actiones,
1708 1280 1862 1335 venerande

1076 1371 1171 1436 l‘ater,
1183 1387 1254 1443 quas
1269 1371 1302 1428 de
1317 1386 1377 1426 mea
1394 1370 1544 1441 exiguitate
1561 1373 1725 1427 abundantia
1739 1374 1861 1428 strarita·

1079 1464 1114 1517 tis
1127 1474 1226 1517 restrae
1239 1466 1411 1532 promeruit,
1436 1465 1544 1521 etiamsi
1559 1478 1655 1519 omues
1670 1463 1793 1531 corporis
1809 1464 1860 1533 arei

1077 1562 1155 1607 artus
1168 1554 1194 1608 iu
1206 1553 1312 1624 linguas
1323 1565 1508 1622 verterentur,
1523 1563 1551 1610 et
1561 1569 1612 1610 ror
1627 1568 1687 1608 mea
1700 1562 1772 1609 esset
1780 1568 1860 1621 aerea,

1077 1660 1129 1699 non
1145 1643 1309 1700 sufficerem.
1341 1646 1460 1701 Proinde
1477 1646 1540 1715 qnia
1553 1644 1580 1700 in
1598 1647 1650 1701 bac
1664 1655 1741 1717 parte
1754 1644 1860 1711 delicio,

1077 1737 1116 1791 ad
1128 1752 1161 1792 ea
1175 1753 1235 1807 qnae
1251 1748 1390 1809 utcunque
1404 1778 1411 1803 ,
1426 1737 1515 1792 diuina
1533 1737 1663 1807 largiente
1677 1737 1764 1807 gratia
1777 1777 1784 1801 ,
1797 1752 1862 1806 sup-

1076 1838 1174 1900 petunt
1192 1828 1391 1885 meeonlerens
1406 1868 1414 1895 ,
1429 1830 1451 1886 si
1470 1830 1537 1901 qnid
1559 1838 1648 1900 potest
1670 1828 1713 1885 rel
1729 1830 1863 1899 torpentis

1041 1921 1230 1985 ntierotinnis
1247 1920 1290 1976 rel
1314 1930 1490 1992 peccatorum
1512 1921 1603 1977 oratio
1623 1920 1758 1975 modicum
1785 1918 1861 1990 quid,

1077 2014 1103 2068 irl
1117 2015 1144 2069 in
1160 2013 1320 2087 suiiraginm
1346 2016 1430 2071 uestri
1458 2032 1492 2072 ex
1504 2026 1561 2072 toto
1576 2031 1620 2073 me
1641 2026 1669 2072 ct
1680 2017 1802 2087 quotidie
1816 2032 1862 2072 es·

1075 2106 1191 2177 pendo,
1221 2115 1249 2161 et
1276 2106 1433 2177 perenniter
1455 2109 1609 2177 expendere
1641 2119 1752 2177 paratus
1781 2124 1862 2175 sarri,

1075 2199 1194 2268 rqaarrdin
1210 2199 1297 2266 luero,
1307 2209 1361 2257 etc.

1353 2292 1521 2353 srtstota
1541 2293 1586 2351 tt.

1387 2401 1556 2442 ansnunsrr.

1203 2473 1320 2529 Excusat
1333 2492 1360 2530 re
1371 2477 1441 2546 quod
1452 2477 1488 2531 ad
1502 2494 1561 2532 eunt
1575 2494 1626 2534 non
1639 2490 1744 2534 renent.

1114 2562 1228 2619 Durnino
1251 2572 1278 2618 et
1294 2562 1367 2619 Patri
1381 2566 1528 2622 venerabili
1545 2566 1592 2623 Dei
1609 2569 1696 2638 gratia
1710 2568 1862 2628 Coloniensi

1077 2659 1304 2730 archiepiscopo.
1329 2656 1418 2713 irater
1431 2657 1464 2714 G.
1494 2673 1528 2714 es
1549 2658 1648 2714 allecta
1665 2675 1741 2727 suus,
1762 2677 1815 2717 non
1836 2663 1862 2717 in

1078 2750 1200 2804 rarritate
1217 2749 1323 2815 saeculi,
1336 2750 1384 2805 sed
1400 2748 1426 2804 in
1443 2748 1554 2805 nourine
1569 2749 1674 2805 Dourini
1691 2750 1792 2807 babere
1803 2751 1864 2807 lau·

1078 2840 1151 2903 dem,
1165 2849 1192 2896 et
1206 2840 1373 2912 magnillcnri
1387 2840 1423 2895 ab
1437 2855 1471 2896 eo
1485 2840 1530 2911 qni
1544 2839 1647 2897 exaltat
1667 2852 1824 2899 mansuetos
1837 2845 1863 2900 in

1079 2932 1192 2987 salutem
1207 2930 1295 3004 (Paul.
1307 2931 1413 3003 esum).

241 3024 399 3082 arinlatione
414 3025 494 3088 lallit.
509 3040 562 3082 nec
576 3023 787 3095 exasperatione
802 3024 901 3085 irritat,
920 3036 971 3077 nce
984 3020 1029 3075 de·
1115 3024 1192 3091 erod
1210 3025 1243 3080 ad
1259 3040 1306 3081 ros
1322 3025 1440 3081 necdum
1457 3028 1530 3094 reni,
1545 3042 1632 3099 neque
1644 3028 1762 3100 pigritias
1777 3044 1865 3100 neque

242 3118 382 3173 notatione
395 3116 503 3183 adurit;
520 3116 579 3178 sed,
591 3115 764 3172 considerata
785 3114 918 3183 qualitate
933 3126 1027 3182 perso-
1080 3118 1252 3188 negligentiae
1268 3129 1319 3184 cst,
1337 3121 1386 3175 sed
1399 3121 1593 3191 occupationes
1605 3122 1704 3192 quibus
1717 3124 1803 3179 teneri
1816 3138 1865 3180 ros

242 3223 296 3271 rem,
309 3207 456 3264 secondom
471 3208 543 3277 quad
555 3206 684 3276 expedire
697 3207 779 3272 ridet,
793 3212 840 3261 aut
855 3204 952 3275 pudori
965 3218 1028 3275 par·
1079 3209 1149 3272 scio,
1164 3223 1206 3265 rne
1223 3210 1351 3266 retinent.
1375 3207 1443 3278 Quia
1460 3209 1532 3266 eninr
1549 3212 1649 3284 sepius
1664 3212 1741 3269 exire
1755 3228 1805 3269 nee
1818 3230 1866 3269 ru·

242 3316 318 3363 cens,
335 3311 382 3354 aut
394 3299 520 3356 delerem
533 3301 640 3363 leonori,
655 3300 689 3355 ed
702 3300 727 3354 irl
745 3299 817 3369 quod
834 3298 900 3353 rrtile
913 3305 941 3351 et
954 3266 1063 3352 salu·C
1080 3302 1106 3356 io
1121 3318 1172 3359 nec
1187 3304 1278 3368 ratleo,
1293 3304 1424 3374 epistolas
1437 3313 1493 3359 tres
1509 3316 1606 3361 restrae
1621 3305 1789 3362 excellentiae
1805 3308 1866 3364 des-

242 3397 291 3449 bre
305 3403 359 3459 est,
371 3393 465 3449 sedule
475 3395 566 3448 studet
589 3394 716 3448 incitare.
731 3394 791 3447 Vidi
804 3394 907 3448 etenim
924 3405 951 3447 er
961 3408 1027 3462 pro·
1084 3393 1180 3449 tiuari.
1193 3394 1348 3464 Cognoscat
1364 3408 1414 3449 ros
1429 3408 1552 3449 summus
1566 3396 1702 3452 Sacerdos
1718 3397 1744 3451 in
1759 3397 1867 3453 benedi·

243 3485 306 3542 bari
331 3485 403 3556 qnnd
431 3487 498 3540 nibil
521 3485 622 3540 rectius
649 3484 690 3539 rel
712 3485 854 3540 decentius
874 3484 916 3541 rel
936 3487 1030 3540 sattius
1080 3485 1220 3540 etionibus
1232 3485 1338 3547 suis,et
1350 3494 1462 3556 propter
1474 3487 1688 3542 misericordiam
1703 3489 1865 3559 inpraesenti

244 3593 364 3645 unquam
381 3577 493 3645 proponi
507 3578 592 3646 possit
612 3576 636 3630 ei
649 3574 696 3644 qui
712 3577 772 3630 rice
786 3575 832 3630 liei
852 3584 951 3643 praeest
967 3576 1029 3630 ani·
1080 3590 1095 3627 a
1113 3574 1189 3628 robis
1204 3582 1396 3628 conservatam
1410 3573 1471 3628 sine
1483 3573 1537 3629 fine
1552 3588 1720 3640 mansuram,
1734 3574 1759 3629 iu
1774 3575 1867 3634 laturo

243 3670 342 3724 malins
359 3668 522 3723 adsalutem
538 3667 711 3732 reducendis,
723 3683 805 3738 qnam
818 3667 906 3736 primo
922 3681 1031 3736 semper
1081 3670 1227 3717 conseruet
1242 3663 1322 3718 robis
1339 3664 1421 3719 l‘atcr
1436 3664 1687 3719 misericordiarum
1704 3663 1775 3722 Dens
1785 3666 1867 3724 mise·

244 3761 388 3832 cogitanda
404 3769 433 3817 et
444 3761 575 3817 imitanda
590 3761 745 3832 benignitas
756 3759 934 3829 prouidentia
945 3759 1030 3831 ipsius
1083 3752 1238 3809 liconiam·
1256 3752 1353 3811 Arnen·

246 3851 432 3907 misericordis
444 3851 490 3907 lici
506 3889 515 3915 ,
538 3850 582 3906 cui
597 3864 663 3905 cura
678 3859 720 3905 cst
733 3851 767 3905 de
780 3850 928 3918 omnibns,
943 3850 1030 3919 etqui

244 3961 306 4002 curn
322 3944 473 4001 rercreutia
496 3945 614 4014 disponit
641 3958 706 4008 nos;
733 3943 831 3998 deiude
855 3942 938 3998 etiarn
959 3941 1028 3997 mala

246 4037 378 4093 rtralorunr
394 4046 422 4091 et
439 4038 507 4090 berra
521 4035 654 4091 bonerum
667 4033 807 4104 exempla,
824 4032 872 4088 sed
888 4044 917 4088 et
929 4034 1030 4104 suppli-

245 4130 287 4186 cia
301 4130 411 4184 illorum
426 4138 454 4183 et
469 4128 584 4182 istorum
596 4125 729 4195 praemia,
752 4126 905 4181 atterritus
917 4125 983 4189 illis,
1003 4133 1031 4181 et

248 4231 352 4278 tractus
373 4221 452 4285 istis,
477 4219 504 4272 in
520 4218 647 4274 omnibus
659 4226 686 4273 et
697 4216 731 4272 de
742 4216 870 4272 omnibns
890 4217 1029 4272 doceatur.

245 4313 345 4370 Eibeos
368 4311 451 4382 igitur
476 4308 602 4365 moueruli
623 4311 718 4372 modus
733 4319 762 4367 et
775 4307 851 4369 omni
871 4308 1030 4383 acceptioue

246 4408 353 4481 dignus,

558 4516 712 4560 roscensis.

1375 3869 1539 3927 ertstoat
1554 3871 1584 3928 ι’.

1148 3970 1183 4016 ab
1201 3977 1325 4019 assuens
1345 3977 1467 4019 snstrrrt
1487 3979 1523 4019 ιιι
1543 3979 1662 4021 rnarnss
1681 3981 1802 4022 strome-

1393 4048 1563 4092 sostsrsnu.

1083 4143 1118 4202 Se
1129 4161 1180 4201 nan
1195 4148 1308 4218 rogandi
1319 4148 1410 4205 studia
1423 4190 1431 4214 ,
1448 4150 1494 4205 sed
1505 4150 1612 4216 piatatis
1629 4152 1666 4205 ad
1686 4149 1780 4207 Sancti
1791 4150 1867 4207 ilar·

1118 4219 1168 4272 tini
1181 4220 1331 4285 sepulerum
1343 4221 1581 4291 peregrinationem
1595 4223 1751 4289 suscepisse,
1766 4226 1867 4290 praeir-

1117 4304 1168 4363 que
1181 4289 1350 4346 secularium
1363 4291 1481 4348 moribus
1496 4290 1614 4347 claustra
1628 4293 1774 4362 corrumpi.
1852 4312 1864 4323 '·

1118 4405 1313 4462 Antantiasimo
1326 4405 1401 4461 Patri
1418 4404 1540 4467 lienum,
1553 4407 1683 4474 omnique
1697 4405 1779 4476 digno
1795 4421 1868 4465 rcrc·

1083 4497 1172 4555 rsntia
1183 4513 1263 4554 sacro
1282 4498 1427 4554 esrrrenuri
1448 4496 1559 4565 blojoris
1574 4494 1731 4553 ilonasterii
1746 4500 1796 4554 sub
1809 4500 1870 4570 ejus

281 4595 458 4665 Omnipotens
474 4594 556 4661 Deus,
578 4594 625 4667 qui
637 4606 694 4651 stas
705 4595 731 4649 in
747 4607 885 4665 synagoga
904 4605 1028 4656 aearum,
1046 4610 1068 4665 1)
1084 4608 1151 4650 eura
1167 4591 1372 4648 ordinatissime
1385 4589 1440 4645 lieo
1454 4589 1598 4653 militanti,
1614 4589 1699 4644 irater
1712 4590 1869 4648 Gnrssnres

247 4688 275 4742 in
296 4686 384 4741 medio
399 4701 447 4740 eos
462 4687 596 4756 dijudicas
611 4686 699 4757 (Psoi.
710 4688 815 4756 esaar),
830 4701 884 4741 raon
898 4684 1030 4755 recteiu·

248 4779 371 4833 dieames
384 4778 536 4846 corripiens
548 4817 556 4839 .
567 4789 621 4834 etc.
645 4777 783 4849 Usquequo
792 4778 921 4847 judicatis
933 4780 1032 4848 iniqui·

248 4881 327 4926 tatem
340 4881 365 4924 et
384 4869 477 4940 faeiem
490 4879 658 4937 paccatorem
671 4869 774 4924 sumitis
786 4869 800 4924 i
813 4868 914 4939 (ibid.)
926 4869 1031 4927 Erlnrat

247 4962 324 5033 qrrrrsi
338 4965 426 5016 tunam
439 4960 576 5030 iustitiam
594 4970 713 5016 uestram
731 4970 756 5015 et
763 4960 894 5030 lardirium
911 4970 1030 5017 restrum

249 5068 374 5125 tanquam
385 5053 520 5108 meridient
531 5051 618 5123 (Psoi.
635 5056 740 5123 satvr),
762 5068 797 5108 ne
809 5053 957 5109 nesciendo
972 5059 1031 5108 am'-

248 5150 357 5216 balare,
370 5151 397 5203 in
418 5148 540 5203 tenebris
552 5145 717 5210 ambuletis.
738 5156 767 5202 et
781 5146 868 5217 mains
885 5147 1033 5204 incurratis

245 5242 403 5313 juditium,
431 5239 598 5309 inspiretque
622 5241 697 5295 cordi
725 5249 816 5296 vestro
843 5256 877 5297 ne
900 5240 1034 5311 jrrrlicetis

249 5349 328 5402 egeno
343 5343 367 5387 st
382 5331 500 5402 pupillo,
520 5329 645 5385 barnilear
668 5339 693 5384 et
714 5346 855 5400 pauperent
877 5330 1034 5401 justificetis

1081 4701 1180 4742 serras
1195 4684 1352 4740 sanctitatis
1368 4697 1486 4746 eorum,
1511 4680 1546 4735 ab
1560 4695 1595 4735 eo
1616 4679 1688 4748 aprrd
1701 4693 1780 4751 quern
1794 4695 1869 4737 snm·

1082 4779 1227 4835 musarde
1249 4779 1276 4833 in
1289 4776 1395 4833 eoelesti
1421 4774 1521 4845 palatio
1538 4783 1663 4843 tempore
1681 4774 1869 4832 retributionis

1084 4872 1154 4926 inter
1162 4870 1251 4940 justos
1263 4869 1395 4926 ordinari.

1119 4958 1282 5029 Quanquam
1311 4975 1326 5012 a
1350 4956 1496 5013 ooanrtllis-
1513 4955 1558 5026 qni
1576 4956 1661 5013 corde
1683 4961 1815 5015 steorte
1830 4959 1870 5015 lo·

1083 5056 1206 5122 quantur
1216 5052 1304 5124 (Psal.
1319 5052 1360 5119 ιι)
1383 5065 1473 5121 nequo
1486 5050 1644 5109 custodiunt
1659 5053 1719 5111 rias
1734 5067 1819 5122 suas,
1841 5064 1871 5111 ιιι

1085 5161 1139 5201 ιιοιι
1155 5142 1316 5214 delinquant
1330 5144 1357 5200 in
1375 5143 1468 5212 ringor
1482 5159 1532 5199 sua
1547 5142 1636 5216 (Psoi.
1648 5147 1779 5211 aarum),
1792 5161 1866 5213 pere·

1084 5237 1204 5311 grinaati
1220 5236 1287 5292 mibi
1307 5237 1341 5292 ad
1355 5235 1511 5308 sepulerum
1540 5236 1615 5292 Beati
1631 5235 1739 5290 llartini
1752 5237 1870 5308 deroga·

1085 5339 1143 5384 tum
1160 5330 1217 5397 sit,
1232 5329 1375 5400 magisque
1391 5327 1528 5399 vagationi
1542 5341 1624 5396 qnam
1643 5327 1778 5381 deuotioni
1790 5342 1869 5399 pcre·

251 5419 337 5491 (Psoi.
353 5421 466 5489 essse),
490 5429 518 5475 et
541 5429 638 5476 catera
649 5419 765 5487 institiae
791 5429 818 5476 et
835 5419 1033 5477 misericordiae
1083 5420 1206 5492 grinatio
1220 5432 1280 5475 mea
1297 5419 1440 5490 deputata,
1454 5416 1532 5473 robis
1545 5426 1633 5472 tamen
1645 5430 1704 5470 earn
1722 5413 1869 5486 plurimum

250 5526 331 5581 opera
342 5509 545 5579 exsequamini,
557 5518 726 5579 qnatenuset
736 5525 798 5566 cum
810 5510 1034 5573 misericordibus

251 5614 352 5661 terr-am
367 5602 529 5674 possideatis
543 5600 652 5671 (narrt.
668 5603 707 5674 r),
725 5612 828 5660 etcum
841 5603 925 5673 justis
942 5604 1033 5660 saeculi

247 5695 387 5766 judicibus
398 5693 527 5748 thronum
541 5692 696 5762 judicialem
716 5696 856 5767 dignitatis
868 5695 1035 5762 olrtlneatis,

250 5785 360 5856 quando
380 5783 486 5840 renerit
505 5782 638 5838 bornimrs
656 5784 835 5855 adjudicium
850 5802 911 5842 curn
927 5795 1035 5844 senate·

251 5878 326 5935 ribus
341 5878 432 5948 popuii
445 5877 498 5933 sui.
511 5876 609 5932 lieren.

408 5973 544 6033 Parnes.
561 5973 668 6036 ccxi.

1085 5511 1196 5582 placere
1209 5512 1279 5574 scia,
1295 5511 1399 5581 glorior
1413 5518 1442 5565 et
1454 5506 1572 5563 exsulto.
1597 5507 1653 5564 Nec
1665 5518 1756 5564 tamen
1772 5509 1798 5565 in
1818 5510 1871 5566 bae

1086 5601 1240 5658 substantia
1256 5602 1362 5672 gloriae,
1376 5614 1429 5671 qua
1444 5599 1472 5655 in
1486 5599 1587 5654 libristi
1598 5615 1731 5670 corpore,
1748 5602 1805 5674 ipso
1822 5604 1872 5658 tri.

1086 5694 1378 5769 buentszgmembrnm
1394 5690 1517 5761 quietum
1537 5702 1565 5746 et
1579 5707 1676 5747 sanam
1695 5707 1756 5750 esse
1771 5697 1870 5767 cupio,

1087 5772 1220 5843 adversus
1236 5801 1301 5843 eum
1319 5787 1365 5857 qui
1381 5793 1424 5842 est
1433 5794 1516 5859 eaput
1528 5786 1652 5860 corporis
1664 5782 1778 5860 (Calore.
1790 5792 1811 5862 ι)
1818 5801 1873 5850 non

1012 5949 1015 5955 Ι
1091 5879 1175 5945 lario,
1191 5894 1281 5950 neque
1293 5894 1376 5950 srrpcr
1388 5878 1517 5935 uerticem
1535 5879 1646 5945 extollo,
1671 5882 1873 5942 recolensserir

1674 5972 1707 6035 il
