4425 6450
299 365 352 424 stt

925 354 1027 413 catut
1046 353 1284 414 rictlttsdsts

300 484 379 545 ltem.
394 479 464 536 lietts
485 483 574 549 polest
592 471 659 530 nillil
680 471 713 529 de
734 486 813 543 poena
840 471 930 530 debita
941 471 1019 528 ludat
1047 489 1092 530 re·
1104 478 1130 537 Α
1143 481 1202 528 εειι
1217 472 1270 529 Ιιοε
1284 468 1357 526 cuim
1376 467 1546 541 impossibile
1564 474 1606 528 εει
1627 468 1700 542 qood
1719 468 1806 529 ludat
1827 478 1936 530 tantan

300 581 409 643 larare;
423 575 471 633 sed
487 575 508 630 si
526 570 562 626 nil
578 568 612 623 dc
625 581 706 633 poena
729 567 818 623 debita
839 568 957 632 relaxat,
969 565 1091 621 immite·

300 671 445 727 ricorditer
457 668 512 737 agit
525 664 661 733 ptrrrieudo
679 679 687 715 a
704 675 769 730 erqo
782 659 854 714 betas
867 668 956 728 potest
968 654 1091 712 immise-

301 763 447 819 ricorditer
459 773 539 828 agere
554 771 615 810 cum
629 753 708 809 luda.

337 875 377 928 lld
402 873 452 925 boe
475 871 567 925 dicunt
590 868 699 939 quidam
715 865 792 935 quia,
804 864 856 920 etsi
870 863 936 919 nibil
953 862 1090 918 relaxaret

302 967 373 1021 licus
384 966 417 1019 de
428 977 506 1034 poena
523 963 613 1017 debita
628 959 715 1023 tuda,
728 972 780 1013 non
794 966 884 1012 tamen
896 955 1091 1013 immisericor-

300 1061 374 1115 diter
387 1073 447 1113 curu
460 1070 494 1111 eo
512 1062 620 1123 agerem
636 1053 699 1124 quia
716 1054 743 1108 in
757 1067 807 1109 suo
825 1065 886 1107 esse
900 1058 1089 1116 conservaret,

301 1159 415 1222 quaeest
429 1148 614 1204 misericordia
631 1146 765 1210 maxima3
782 1143 823 1200 rel
834 1142 898 1214 quia
910 1157 962 1199 non
978 1141 1091 1213 permit·

303 1257 371 1303 teret
385 1244 507 1300 diabolos
525 1258 587 1297 eum
609 1240 670 1312 plus
685 1240 783 1309 puuire
797 1255 878 1309 quam
898 1238 1039 1300 meruerit.
1063 1244 1091 1292 et

302 1340 407 1396 inunita
422 1339 473 1393 alia
486 1346 549 1392 sum
560 1334 664 1390 occulta
674 1332 701 1387 iu
714 1332 813 1402 quibus
824 1333 906 1387 ctiam
918 1340 1010 1403 posset
1021 1327 1091 1385 elie-

300 1444 372 1488 ctum
392 1428 584 1486 misericordiae
608 1426 777 1495 impendere,
791 1423 900 1481 etiamsi
928 1422 965 1477 nil
991 1423 1025 1476 de
1041 1422 1090 1476 de·

301 1523 357 1578 bita
373 1537 450 1592 poena
467 1520 629 1575 remitteret.
642 1517 711 1573 sinu
726 1518 797 1572 enim
812 1516 866 1572 duo
879 1514 993 1571 ellectus
1004 1512 1088 1583 justi-

302 1614 357 1676 tiae.
372 1622 468 1683 patens
483 1621 510 1667 et
524 1612 658 1667 occultus.
674 1609 782 1673 Patous,
798 1619 828 1664 ιιι
839 1624 889 1679 pro
904 1618 1016 1678 peceato
1029 1607 1091 1663 red-

301 1706 348 1760 dat
362 1706 433 1760 Deus
445 1718 564 1773 paruam,
582 1702 625 1758 rel
645 1710 750 1771 partem
765 1715 861 1772 poeitae.
877 1698 1019 1756 Occultum
1036 1713 1089 1753 non

300 1800 440 1870 praesentit
462 1799 581 1853 bumana
606 1796 761 1865 ignorantia
784 1793 911 1853 dilituirc.
928 1794 995 1861 Quis
1016 1793 1090 1847 enim

206 1948 212 1957 ,
301 1894 387 1954 norit.
400 1907 449 1947 asur
473 1889 544 1945 Dens
565 1888 650 1944 Jacob
674 1886 758 1958 elegit
779 1896 806 1943 et
828 1887 898 1942 Esau
917 1882 1091 1957 reprobarit?

301 1986 434 2041 Similiter
447 1993 510 2039 sunt
527 1984 579 2038 duo
593 1981 705 2036 effeetus
723 1981 916 2036 misericordiae
938 1988 1045 2049 pateus,
1065 1985 1093 2032 et

301 2078 398 2134 latens.
413 2079 491 2133 Patet
517 2078 564 2133 ttei
583 2073 770 2131 misericordia
790 2073 815 2126 in
833 2071 951 2142 parvulis
970 2071 1093 2139 baptiza·

302 2170 347 2235 tis,
360 2185 423 2223 curn
438 2169 568 2223 sitellam
586 2167 622 2221 ibi
637 2165 744 2221 occulta
763 2163 879 2233 justitia.
897 2160 1092 2231 Patetjustitia

302 2262 330 2316 in
349 2260 496 2327 damnatis,
510 2275 571 2314 cum
594 2258 629 2312 sit
651 2256 688 2312 ibi
713 2255 900 2311 misericordia
923 2254 1042 2310 occulta.
1062 2254 1092 2309 ln

301 2352 376 2407 nullo
389 2352 471 2422 igitur
485 2366 567 2421 opere
586 2346 632 2403 bet
649 2356 691 2403 cst
702 2347 816 2403 allectus
828 2346 940 2415 iustitiae
953 2345 1013 2400 sine
1028 2343 1093 2400 clle-

301 2450 346 2495 ctu
376 2439 587 2507 misericordior,
604 2437 646 2495 rel
669 2438 792 2504 occulto,
807 2437 849 2493 rel
874 2436 1028 2499 manilesto,
1042 2450 1093 2491 nec

300 2532 468 2588 econtrario.

337 2639 411 2695 lllaru
427 2655 492 2711 erqo
503 2641 711 2708 alletoritatem,
724 2659 734 2693 (
748 2639 936 2695 Misericordia
951 2640 1005 2706 laic,
1018 2639 1093 2711 judi·

300 2731 372 2785 cium
394 2732 420 2785 iu
435 2731 536 2796 lecturo,
554 2750 563 2783 ι
582 2734 615 2786 ad
628 2732 791 2787 euitlentiam
809 2732 1091 2802 referturutriusque,

302 2827 367 2893 quia
383 2825 428 2879 liic
441 2825 467 2878 in
480 2825 523 2877 ria
536 2833 578 2879 est
590 2835 686 2892 patens
699 2826 897 2888 misericordia.
909 2826 953 2880 ubi
964 2826 1093 2880 dicuntur

300 2913 360 2968 dics
376 2912 503 2980 bominis,
520 2922 547 2967 ct
568 2930 655 2969 antius
672 2913 810 2982 jubilaeus,
823 2916 885 2972 licet
902 2919 985 2971 etiam
1008 2916 1045 2971 sit
1064 2924 1092 2972 et

300 3002 346 3057 lric
371 3003 476 3072 justitia
501 3002 527 3057 iu
552 3002 654 3058 iuturo.
681 3002 788 3059 lustitia
814 3005 958 3063 manifesta
983 3008 1092 3077 qnando

300 3094 381 3151 Ibunt
403 3096 431 3150 tn'
453 3096 480 3151 in
499 3098 579 3150 tritum
593 3103 728 3159 oeteruom,
744 3098 785 3151 illi
798 3099 825 3153 iu
836 3099 992 3168 suppliciunt
1012 3109 1090 3156 oter·
1104 3131 1128 3195 c
1144 3136 1208 3187 we

302 3200 365 3245 uum
382 3189 493 3261 (llottlr.
510 3191 586 3262 stt).
602 3193 735 3251 Similiter
749 3208 809 3249 eum
824 3193 943 3250 dicitur:
961 3212 970 3244 (
988 3192 1092 3250 Secun-

301 3282 365 3336 duut
383 3284 564 3352 quantitatem
579 3285 677 3354 culpat,
694 3286 748 3342 erit
761 3286 900 3356 quantitas
920 3300 1019 3356 ptenoa.
1035 3306 1044 3339 ι
1064 3284 1092 3341 ld

302 3384 345 3428 est
358 3376 380 3429 si
395 3392 494 3447 ruagua
507 3376 590 3433 luerit
605 3379 695 3448 culpa,
712 3393 809 3450 magna
824 3380 877 3434 erit
891 3387 919 3434 ει
935 3393 1025 3448 poena,
1038 3393 1092 3434 nnn

228 3460 231 3464 ’
303 3465 365 3521 dico
380 3474 473 3522 tauta:
488 3469 592 3541 singula
607 3471 678 3527 eninr
694 3482 807 3541 peccata
822 3472 916 3542 puniet
927 3471 1093 3529 [icusllnde

301 3557 426 3614 districte
442 3559 684 3631 dieiturjtrdicare.
708 3562 761 3618 Sed
774 3564 807 3619 de
822 3579 900 3635 poeua
917 3563 1030 3630 siupulis
1045 3565 1094 3620 de·

301 3650 357 3705 bita
389 3652 514 3719 remittit,
532 3654 559 3708 iu
586 3669 639 3724 quo
667 3664 710 3710 est
728 3655 774 3710 liei
795 3657 993 3711 misericordia.
1014 3655 1092 3724 Quml

301 3757 366 3799 vero
382 3745 491 3811 dicitur,
508 3746 645 3802 iodicium
668 3747 723 3802 siue
745 3748 928 3803 nrisericordiu
951 3749 1007 3817 fier,
1022 3758 1092 3815 etc,

301 3836 395 3906 supple
412 3855 420 3894 a
437 3838 496 3894 sine
512 3838 710 3904 misericordia,
728 3839 754 3895 id
768 3850 808 3895 est
821 3842 892 3910 quod
905 3839 1037 3908 iudicium
1053 3839 1094 3894 ri·

302 3927 411 3985 debitur
423 3945 484 3986 esse
499 3931 559 3986 sine
571 3931 760 3987 misericordia
776 3941 891 4003 propter
912 3933 1093 4003 quantitatem

300 4034 399 4087 pmnae.
416 4020 482 4076 lllud
497 4037 561 4077 tero
576 4024 647 4092 quod
659 4024 783 4080 similiter
795 4034 855 4095 post
869 4024 987 4094 legitur:
1004 4045 1013 4078 r
1028 4022 1094 4080 Plus

301 4113 417 4184 origitur
425 4113 451 4168 in
459 4116 626 4185 suppliciis,r
637 4126 703 4183 etc..
711 4117 744 4173 ad
755 4117 960 4173 diuturnitatem
972 4117 1093 4173 releren-

301 4203 377 4270 dum,
386 4206 450 4276 quia
463 4207 722 4264 diuturnioraerunt
733 4209 863 4278 supplicia
877 4225 938 4263 cum
950 4211 1094 4265 sintaeter·

302 4312 348 4362 na,
357 4313 439 4366 quam
450 4297 548 4356 delicta
561 4315 620 4369 quse
630 4301 739 4355 iuuerunt
751 4301 921 4371 temporalia;
932 4301 974 4356 rel
988 4320 998 4354 r
1011 4301 1091 4370 plus»

301 4388 327 4442 id
351 4398 393 4444 est
416 4390 444 4444 in
469 4390 591 4460 pluribus
604 4391 716 4460 punitur
729 4392 810 4447 borno
824 4406 905 4461 quam
924 4392 1092 4463 peccauerit,
1142 4430 1298 4490 memo,

300 4479 364 4550 quia
379 4480 491 4549 punitur
509 4482 536 4537 ln
554 4482 646 4536 anima
660 4490 687 4538 et
701 4483 865 4552 incorpore,
878 4487 1089 4555 propeccatoin
1105 4487 1130 4543 b

301 4572 357 4626 solo
383 4571 473 4629 anima
489 4573 645 4632 commisso.
657 4571 708 4642 Qui
728 4574 769 4632 sic
782 4576 902 4645 soltunt,
914 4575 1093 4646 probabiliter

299 4666 485 4738 miramur).

336 4778 387 4834 dlii
403 4778 492 4846 alitor,
506 4781 601 4838 dicunt
613 4782 687 4839 enim
699 4782 783 4840 lieum
794 4799 874 4856 posse
886 4785 955 4841 nibil
966 4785 1091 4842 relaxaro

300 4870 333 4925 de
347 4882 428 4939 poena
449 4871 539 4928 debita
555 4872 644 4940 luda,
660 4883 688 4930 cl
709 4877 781 4947 quod
800 4877 872 4932 Deus
896 4883 985 4947 potest
1005 4876 1088 4932 istum

299 4958 392 5016 lacere
408 4963 441 5016 de
462 4964 596 5034 potentia,
607 4967 654 5022 sed
669 4983 724 5023 non
739 4968 773 5024 de
789 4969 977 5025 misericordia
992 4979 1039 5025 aot
1054 4969 1089 5025 do

295 5049 415 5121 justitia.
430 5051 496 5107 Nam
513 5053 597 5109 multa
614 5064 704 5126 potest
718 5057 751 5113 de
765 5057 898 5128 potentia,
910 5073 971 5128 qua
983 5073 1038 5114 non
1054 5057 1089 5115 de

299 5140 500 5208 misericordia,
521 5152 551 5198 ut
566 5159 662 5201 omues
675 5147 815 5207 clanurare.
830 5148 929 5204 Utrum
944 5159 1034 5205 tamen
1050 5150 1088 5205 itt

297 5230 342 5292 sit,
352 5229 688 5302 interjectisqoorumdam
702 5235 939 5306 solutionibus,ita
957 5239 1086 5295 determi-

298 5316 418 5375 nabitur.
439 5321 536 5379 bicunt
555 5320 630 5380 cniru‘
652 5327 760 5397 quidam
782 5328 852 5384 lrauc
872 5330 1087 5399 propositionem

297 5406 443 5476 dupliciter
453 5427 532 5482 posse
547 5416 672 5489 intelligi,
690 5418 757 5474 Deus
774 5427 857 5489 potest
875 5418 941 5474 uilril
956 5419 988 5474 de
1008 5435 1085 5488 porra

296 5503 384 5557 delita
406 5506 486 5562 tuoe
501 5511 631 5569 relocare.
654 5511 707 5568 Per
723 5514 949 5584 compositionem
969 5522 998 5569 ct
1016 5514 1086 5569 diri-

296 5596 412 5654 sionetn.
430 5600 459 5655 Si
478 5614 526 5671 per
547 5605 771 5667 euronsiuunem
793 5604 972 5674 intelligatur,
989 5607 1085 5663 lalsurn

1140 579 1250 637 poenam
1278 562 1421 629 meruerit,
1450 571 1477 619 et
1503 563 1575 619 lieus
1607 562 1646 618 nll
1679 564 1816 621 relaxaret
1840 565 1934 633 desa,

1141 655 1195 725 33
1215 656 1268 711 Ιιοε
1285 654 1357 709 enim
1379 662 1452 709 εεεει
1475 664 1570 711 contra
1585 655 1634 711 ttei
1656 656 1937 725 miscricordiam;ti

1140 761 1206 801 sero
1229 760 1276 817 per
1302 744 1466 800 divisionem
1492 745 1641 816 intelligas,
1662 747 1702 802 sie
1723 745 1809 803 ludas
1833 749 1938 806 meruit

1141 842 1246 889 tantam
1267 847 1387 904 poenam,
1403 835 1474 889 licus
1496 835 1534 889 nil
1548 844 1638 906 potest
1663 838 1789 893 relatore
1803 837 1839 893 de
1855 852 1938 907 poena

1140 925 1204 991 bac,
1219 940 1314 981 rerum
1331 934 1383 982 est.
1404 924 1457 980 Sed
1481 936 1546 981 tuuc
1562 942 1616 982 non
1631 927 1731 982 accidit
1752 927 1827 997 quod
1846 926 1938 983 lmnri·

1142 1018 1319 1073 sericorditer
1333 1016 1419 1086 possit
1439 1030 1502 1070 cum
1516 1030 1550 1071 eo
1564 1031 1646 1087 agere
1661 1035 1668 1071 a
1680 1019 1702 1072 si
1716 1018 1789 1073 euim
1804 1017 1845 1073 nil
1867 1019 1939 1073 rela-

1140 1116 1221 1164 xaret
1244 1109 1278 1164 de
1294 1117 1378 1174 tanta,
1395 1106 1526 1176 majorem
1554 1108 1605 1162 liae
1623 1109 1779 1167 meruisset.
1792 1109 1873 1178 Quod
1892 1110 1937 1166 illa

1141 1203 1303 1273 compositio
1317 1203 1351 1256 sit
1369 1202 1547 1271 impossibilis
1559 1201 1691 1270 probatur
1707 1216 1755 1271 per
1769 1203 1844 1257 aliud
1861 1219 1869 1258 t
1884 1204 1940 1259 im-

1141 1292 1272 1362 possibile
1288 1300 1331 1347 est
1343 1292 1427 1348 licum
1452 1291 1549 1348 minori
1565 1291 1676 1359 praemio
1695 1305 1879 1347 remunerare
1888 1292 1939 1349 Pe·

1142 1392 1213 1437 trum
1226 1397 1308 1452 quarn
1324 1384 1433 1448 meruit,
1448 1383 1470 1437 si
1486 1397 1536 1451 per
1547 1381 1772 1449 compositionem
1788 1380 1938 1451 intelligas:

1142 1479 1205 1527 tunc
1220 1472 1293 1527 enirn
1308 1472 1340 1527 de
1357 1473 1453 1528 merito
1467 1471 1577 1528 Petrum
1592 1470 1784 1540 deiratrdaret;
1801 1483 1830 1528 et
1846 1482 1939 1531 tameo

1141 1563 1164 1620 si
1178 1564 1287 1620 divisim
1307 1566 1457 1637 intelligas,
1475 1581 1571 1620 terum
1588 1565 1667 1621 dicis.
1683 1564 1817 1620 Similiter
1833 1566 1940 1636 impos·

1141 1655 1221 1711 sibile
1237 1665 1279 1712 est
1296 1657 1367 1726 quod
1381 1658 1454 1712 Deus
1469 1654 1570 1726 aliliqat
1586 1655 1702 1724 aliquem
1717 1655 1839 1724 gratiori
1857 1670 1939 1727 poena

1142 1764 1223 1819 quam
1242 1750 1355 1815 meruit,
1369 1750 1392 1805 si
1405 1765 1453 1821 per
1467 1748 1692 1818 compositionem
1710 1748 1861 1819 intelligas,
1875 1753 1938 1821 quia

1107 1844 1129 1901 Β
1143 1847 1207 1895 ιιιιιε
1218 1840 1365 1897 crudeliter
1379 1856 1440 1896 cum
1454 1855 1488 1895 eo
1503 1848 1611 1911 ageret,
1626 1839 1667 1895 sin
1680 1854 1746 1896 reto
1758 1854 1809 1909 per
1820 1840 1939 1897 divisio·

1143 1946 1204 1987 nem
1217 1932 1297 1999 dicis,
1310 1948 1403 1987 rerunt
1416 1932 1495 1988 dicis.

1185 2024 1301 2092 Quidam
1328 2034 1418 2080 tamen
1446 2022 1560 2079 ulterius
1587 2023 1770 2093 procedentes
1800 2025 1939 2095 recipiunt

1144 2123 1322 2188 compositam
1345 2124 1372 2172 et
1392 2116 1520 2182 diuisam,
1544 2123 1573 2171 et
1595 2115 1678 2185 (quod
1702 2114 1762 2186 plus
1783 2115 1838 2184 εει)
1860 2115 1938 2187 quod

1144 2218 1236 2279 potest
1262 2211 1393 2264 danmare
1415 2206 1527 2261 Petrum
1551 2215 1581 2261 et
1604 2207 1713 2262 saltare
1739 2205 1853 2275 ludam,
1870 2207 1937 2264 etsi

1143 2303 1288 2356 damnaret
1303 2300 1413 2355 Petrum
1441 2300 1512 2355 bene
1531 2297 1649 2366 laceret;
1665 2306 1695 2355 et
1717 2299 1741 2354 si
1758 2298 1796 2353 nil
1813 2299 1938 2356 remittat

1145 2391 1179 2445 de.
1195 2408 1274 2463 poena
1289 2391 1365 2447 iudae
1382 2391 1470 2447 debita
1487 2391 1556 2446 bene
1572 2390 1648 2457 lacit,
1669 2405 1719 2446 nec
1737 2392 1801 2446 ideo
1816 2390 1938 2445 immise-

1144 2482 1287 2537 ricorditer
1300 2497 1361 2538 cum
1378 2496 1411 2537 eo
1428 2481 1503 2550 agiu
1518 2490 1546 2536 et
1563 2481 1585 2537 si
1605 2482 1632 2536 iu
1647 2481 1721 2536 nullo
1736 2482 1791 2536 olio
1805 2480 1938 2536 exhibeat

1143 2576 1167 2631 ei
1182 2576 1309 2632 ellectum
1330 2575 1545 2640 nrisericordiae3
1570 2574 1672 2629 nullum
1688 2576 1760 2629 cuim
1775 2575 1880 2629 malum
1895 2582 1939 2630 est

1143 2670 1250 2740 quodsi
1267 2669 1360 2736 laeiat,
1377 2685 1429 2725 nou
1444 2670 1512 2725 bene
1526 2667 1619 2723 iaciat.
1633 2667 1710 2734 Quod
1727 2668 1809 2721 etiam
1824 2666 1937 2721 Petrum

1145 2759 1230 2831 possit
1245 2761 1385 2823 damnare,
1401 2759 1426 2814 id
1440 2759 1476 2812 ita
1491 2757 1658 2813 ostendunt:
1676 2755 1770 2811 Potest
1786 2758 1859 2813 [teus
1872 2771 1937 2812 cunt

1145 2853 1226 2909 l‘etro
1242 2852 1366 2908 districte
1381 2866 1480 2921 agcre;
1504 2851 1550 2905 sed
1574 2850 1596 2905 si
1613 2850 1736 2905 districte
1750 2852 1815 2918 agit,
1834 2850 1870 2904 de
1884 2851 1939 2905 mi·

1145 2946 1218 3001 nutis
1232 2955 1259 3000 et
1271 2942 1470 3013 quadrantibus
1481 2943 1566 3012 exigit
1583 2941 1732 3005 rationem
1751 2950 1778 2997 et
1794 2942 1816 2996 sl
1829 2942 1939 3013 singula

1144 3046 1355 3110 persequentur,
1379 3051 1432 3091 non
1456 3045 1547 3107 posset
1563 3034 1660 3089 l‘etrus
1675 3034 1709 3089 de
1722 3034 1850 3090 omnibus
1876 3036 1940 3090 red·

1225 3130 1368 3194 rationem,
1386 3128 1450 3198 quia
1467 3136 1522 3183 toto
1535 3138 1657 3197 tempore
1669 3129 1732 3181 vitae
1748 3142 1804 3183 suae
1826 3129 1940 3183 teneba-

1146 3235 1191 3282 ιιι
1206 3221 1349 3292 obsequio.
1363 3231 1390 3276 ει
1410 3220 1503 3275 multis
1527 3217 1696 3288 temporibus
1720 3218 1840 3275 debitum
1858 3221 1940 3276 obse·

1144 3317 1237 3387 quium
1256 3330 1310 3369 rron
1329 3313 1482 3383 impendit,
1499 3312 1571 3382 quod
1594 3311 1753 3380 obsequium
1780 3326 1833 3366 non
1849 3313 1940 3382 potuit

1144 3420 1353 3476 recompensare
1369 3404 1433 3459 lieo.
1455 3402 1553 3459 Postea
1573 3418 1639 3472 ergo
1657 3402 1678 3456 si
1703 3403 1827 3459 districte
1842 3413 1941 3472 ageret

1145 3502 1226 3566 bens,
1246 3499 1320 3567 quod
1346 3505 1437 3567 posset
1458 3494 1529 3564 iuste
1548 3493 1651 3563 lacere,
1670 3495 1746 3565 juste
1762 3503 1853 3566 posset
1876 3511 1940 3552 eona

1145 3596 1291 3649 datnnate.

1183 3687 1218 3740 lt
1242 3686 1313 3741 dicet
1333 3683 1443 3754 aliquis,
1460 3683 1523 3754 quia
1547 3684 1722 3738 veliementer
1738 3696 1768 3737 se
1783 3681 1940 3738 humiliarit

1142 3778 1251 3845 Petrus,
1267 3778 1303 3831 ita
1316 3776 1387 3847 quod
1402 3775 1487 3844 major
1503 3774 1554 3830 luit
1568 3776 1707 3830 lurmilitas
1722 3774 1938 3846 inpoenitentia,

1144 3881 1225 3936 quam
1240 3866 1405 3936 processerit
1421 3865 1607 3936 transgressio
1624 3865 1650 3918 in
1666 3866 1755 3935 culpa.
1772 3875 1801 3920 et
1814 3874 1879 3919 tune
1892 3865 1939 3921 de-

1142 3958 1230 4014 bitum
1245 3957 1417 4027 obsequium,
1431 3971 1485 4027 quo
1496 3955 1638 4011 ridebatur
1650 3958 1733 4012 licum
1748 3955 1938 4022 delraudasse,

1143 4050 1375 4120 recompensavit.
1402 4048 1455 4119 lpsi
1472 4058 1562 4103 tamen
1581 4049 1669 4102 adbuc
1686 4050 1780 4103 dicunt
1795 4048 1866 4115 qood
1882 4062 1938 4102 nott

1143 4141 1231 4214 potuit
1246 4157 1276 4198 se
1292 4143 1319 4197 in
1337 4149 1440 4196 tanturn
1456 4141 1602 4196 barutiliarc
1618 4143 1683 4210 quin
1700 4141 1863 4210 ampliorem
1888 4140 1939 4195 lto·

1144 4237 1288 4292 militatem
1313 4244 1454 4292 teneretur
1470 4237 1524 4291 lieo
1537 4236 1680 4301 exhibere,
1698 4250 1747 4290 nec
1763 4236 1799 4288 ita
1815 4235 1872 4290 lico
1887 4235 1936 4290 do·

1143 4337 1205 4384 rote
1229 4328 1334 4385 servire
1359 4327 1425 4397 quin
1448 4338 1586 4382 teneretur
1606 4329 1741 4394 devotius,
1757 4341 1809 4381 mm
1824 4326 1886 4382 dico
1905 4326 1938 4381 tle

1320 4420 1367 4475 sed
1387 4419 1421 4474 de
1445 4419 1591 4475 commisso
1613 4428 1662 4474 aut
1689 4418 1846 4486 recipiendo
1869 4430 1938 4485 prae·

1143 4512 1227 4566 unio:
1254 4509 1325 4576 poia
1352 4526 1404 4564 non
1432 4520 1493 4565 tunt
1521 4510 1659 4579 corrdt‘quoe
1688 4511 1825 4577 portiones
1857 4507 1938 4578 isira

1143 4601 1234 4656 muudi
1249 4600 1284 4653 od
1302 4599 1421 4669 loturam
1442 4600 1554 4670 pierium
1573 4615 1632 4670 (ιιεε
1646 4600 1804 4655 revelabitur
1823 4599 1849 4651 in
1862 4599 1937 4653 troiia

1142 4691 1230 4753 lRonr.
1244 4693 1315 4763 rut).

1177 4783 1230 4838 Sed
1248 4791 1275 4838 ct
1292 4783 1390 4838 iteruin
1407 4782 1522 4847 instant,
1536 4781 1636 4837 Petrus
1652 4782 1809 4836 decesserat
1827 4778 1854 4833 in
1876 4794 1936 4834 me·

1142 4877 1196 4932 rito
1209 4877 1281 4941 ritae,
1296 4873 1419 4931 ettuuas
1436 4876 1462 4930 in
1478 4876 1575 4931 merito
1589 4875 1700 4928 mortis:
1714 4887 1780 4944 erpo
1796 4885 1847 4926 ιιεε
1864 4869 1938 4927 licus

1143 4969 1225 5024 istum
1255 4967 1384 5033 salvare,
1410 4975 1459 5022 aut
1484 4967 1558 5022 illum
1582 4968 1713 5021 damnare
1738 4974 1859 5034 poterat,
1884 4962 1937 5019 nisi

1143 5068 1261 5130 utroque
1284 5069 1412 5116 revocato
1428 5060 1462 5115 ad
1476 5059 1620 5130 pristinum
1655 5068 1768 5125 statum,
1793 5057 1895 5113 Petrus
1909 5058 1936 5112 in

1142 5153 1238 5208 merito
1261 5153 1371 5218 mortis,
1392 5161 1419 5209 et
1432 5152 1517 5208 ludas
1537 5152 1564 5206 iu
1585 5152 1683 5207 merito
1699 5154 1760 5206 ritae
1775 5151 1935 5214 decederet,

1141 5244 1260 5313 alioquin
1275 5243 1386 5315 dignum
1397 5245 1450 5299 tito
1460 5243 1603 5299 damnaret
1618 5254 1666 5298 aut
1684 5244 1825 5313 indiguum
1844 5242 1937 5297 salta·

1142 5348 1193 5403 ret,
1209 5338 1255 5393 sed
1270 5336 1323 5392 boc
1344 5352 1406 5393 esse
1427 5351 1481 5392 non
1497 5346 1605 5407 poterat
1627 5340 1699 5409 quod
1726 5338 1850 5407 indignos
1867 5336 1935 5403 rita,

1140 5427 1268 5498 indiguos
1279 5436 1420 5483 manentes
1429 5428 1557 5494 saltaret,
1567 5427 1609 5482 rel
1621 5429 1695 5495 quod
1705 5427 1828 5497 indiguos
1837 5435 1935 5490 morte,

1141 5517 1270 5588 indiguos
1287 5527 1429 5574 manentes
1439 5517 1669 5576 damnarendam
1684 5517 1798 5575 alterum
1815 5513 1937 5571 crudeli·

1141 5610 1219 5676 tuis,
1234 5609 1348 5664 alterurn
1361 5609 1501 5679 injustitie
1516 5619 1597 5666 esset.
1610 5611 1681 5684 Ergo
1700 5626 1749 5666 nee
1760 5605 1936 5665 lieosludant

335 5788 391 5860 llil
410 5789 474 5847 llaec
489 5789 635 5848 tundantur
652 5791 679 5847 iu
694 5793 764 5864 lup.
779 5791 902 5849 doctrina
922 5794 954 5849 ad
970 5797 1083 5852 citatum
1096 5791 1192 5866 psalm.
1209 5805 1285 5844 ιιιι.
