4425 6450
380 414 432 469 θῶ

953 401 1064 457 'hlldbll
1080 399 1228 455 rtuuatts
1246 398 1427 456 thuscana

1963 420 2015 476 h2l

380 525 552 584 castimoniae
580 521 794 595 paranymphus,
811 521 888 590 virga
906 517 1028 589 justitiae,
1058 516 1204 579 miseri-A
1220 516 1338 571 taculum
1360 518 1461 588 quippe
1475 520 1560 587 ipsias
1573 529 1614 576 est
1628 523 1734 581 sincera
1759 527 1884 594 castitas,
1899 528 1944 583 illa
1959 547 2017 586 pra.

379 622 482 677 cordiae
513 616 704 676 consiliarius.
742 613 849 668 initiam
878 612 1034 681 sapientiae,
1068 613 1170 667 amoris

381 710 577 783 praeambulus,
591 706 778 764 cublcularius
792 704 980 770 conscientiae,
997 705 1060 758 titre
1072 705 1169 765 dccns.

378 807 520 863 Olelicem
535 803 668 866 animum,
678 802 722 856 cni
736 800 863 854 vitiorum
877 798 936 852 vias
946 799 1027 853 tintor
1038 798 1169 865 obstruit,

378 896 450 952 utin
463 895 507 950 ltis
524 893 715 966 splendoribus
740 891 882 962 sapientire
910 890 1055 946 devotione
1084 890 1169 945 libera

378 988 558 1044 solemnitati
572 986 621 1042 llic
637 988 670 1043 de
681 994 839 1053 contemptu
855 983 949 1038 mundi
966 982 1046 1038 beata
1054 998 1172 1053 pauper»

380 1090 422 1136 tas
445 1080 575 1137 exoriens
599 1078 656 1133 sitit
685 1076 773 1131 adhuc
803 1073 952 1130 ambitione
978 1074 1082 1128 novitia
1106 1075 1170 1129 vitae

377 1169 489 1228 divitias
502 1170 634 1225 melioris.
663 1168 714 1223 llic
740 1167 826 1221 virtus
849 1164 1026 1221 continentiae
1036 1163 1071 1220 de
1085 1164 1169 1219 inter·

377 1264 450 1320 dicta
476 1264 568 1317 carnis
598 1258 785 1329 superfluitate
808 1255 966 1311 exhilarans
984 1263 1097 1310 exutum
1119 1268 1168 1309 aaa

377 1365 516 1415 vetustate
532 1353 661 1424 spiritum
684 1351 762 1406 novis
780 1351 887 1422 gaudiis
905 1350 968 1405 ritae
980 1349 1066 1405 sociat
1088 1346 1170 1416 spiri·

379 1449 453 1507 talis.
471 1448 522 1503 llic
542 1447 624 1501 timor
654 1444 701 1499 bei
717 1444 945 1500 consuetudinem
975 1440 1105 1512 peccandi
1119 1456 1168 1494 ex-

379 1543 528 1598 terminans
550 1554 602 1593 non
625 1538 728 1606 patitur
754 1535 930 1606 inquientia
954 1533 1029 1589 vitiis
1053 1533 1168 1588 interum

377 1633 511 1689 solemnia
529 1630 668 1686 novitatis.
682 1627 731 1682 llic
744 1625 883 1682 consessio
911 1624 1023 1680 buntilis
1036 1628 1069 1677 de
1086 1621 1166 1677 indn-

377 1725 445 1781 stria
471 1733 500 1777 et
527 1721 688 1791 oneratione
712 1716 823 1773 timoris
843 1716 934 1771 cordis
959 1713 1090 1769 interiora
1114 1714 1168 1769 cir·

376 1818 486 1884 eniens,
503 1813 612 1885 singula
628 1812 786 1881 depeecato
801 1820 881 1865 caute
898 1807 988 1878 arguit
999 1816 1027 1862 et
1046 1812 1165 1868 accusat,

1224 610 1394 678 sintequatn
1424 609 1526 667 Christi
1553 629 1616 669 vcra
1634 616 1754 672 charitas
1784 623 1969 677 consecrarit.
1987 624 2016 680 ln

1224 701 1313 755 hortis
1339 700 1419 768 plane
1433 710 1460 756 ct
1485 702 1548 759 liliis
1576 721 1691 762 vernare
1709 706 1760 764 nos
1774 711 1862 777 campi
1884 713 2016 769 etlilium

1222 792 1386 846 convallium
1403 794 1531 849 Christus
1553 797 1686 853 Dominus
1715 800 1864 856 invenitur.
1879 800 1902 859 0
1918 805 1941 859 si
1958 805 2017 862 lilio

1222 897 1285 937 rosa
1301 897 1355 937 non
1370 882 1498 949 deluerit,
1524 894 1554 940 ut
1581 889 1715 943 castitatis
1740 892 1844 947 candor
1869 893 2018 952 charitatis

1221 973 1314 1029 colore
1329 989 1406 1029 roseo
1417 974 1588 1031 stallurtdatur
1600 980 1606 1032 l
1616 979 1700 1045 Qtvam
1715 982 1835 1050 pulchrae
1849 995 1913 1040 srrrtt
1926 1002 2016 1056 gerrae,

1221 1064 1320 1137 quibus
1333 1067 1367 1121 ad
1388 1066 1496 1137 plenum
1515 1069 1642 1126 decorem
1665 1088 1743 1128 autor
1765 1074 1916 1133 honestatis
1927 1094 1957 1134 sc
1969 1095 2018 1135 so·

1220 1158 1288 1225 ciat,
1305 1158 1428 1213 charitas
1440 1161 1577 1215 castitati!
1595 1161 1757 1233 Speciosam
1779 1164 1865 1222 lornta
1881 1184 1938 1239 prce
1950 1170 2017 1229 httts

1221 1249 1362 1305 bominum
1377 1252 1477 1320 speciei
1490 1250 1571 1319 httjus
1581 1254 1674 1324 alligat
1688 1256 1836 1328 elegantia,
1846 1262 1909 1330 qnia
1921 1263 2016 1319 vultus

1220 1345 1451 1414 pulchritudinem
1471 1362 1577 1404 morum
1607 1350 1768 1420 simplicitas
1792 1358 2015 1413 commendabat.

1220 1435 1325 1490 llorum
1339 1437 1511 1505 simplicitas,
1537 1442 1642 1509 puritas
1668 1441 1853 1513 allectionem,
1875 1451 2017 1519 operatio-

1221 1542 1285 1581 num
1298 1525 1415 1594 t'ustitia,
1429 1530 1611 1587 observantie
1634 1534 1786 1605 disciplina
1810 1538 1961 1596 laudabiles
1973 1544 2013 1595 di·

1220 1632 1300 1685 gnam
1312 1615 1418 1673 faciunt
1431 1623 1549 1675 aniutam
1564 1625 1665 1681 osculis
1678 1637 1706 1682 et
1725 1629 1895 1698 amplexibus
1910 1631 2013 1688 Cotrdi·

1222 1708 1301 1763 toris.
1315 1706 1337 1763 0
1354 1719 1526 1767 contractum
1540 1718 1741 1774 venerabilernl
1765 1722 1788 1778 0
1801 1725 1911 1794 nuptias
1926 1727 2013 1781 horm-

1221 1800 1335 1865 rabiles,
1355 1816 1370 1855 a
1385 1803 1485 1873 quibus
1498 1808 1587 1861 omnis
1598 1808 1753 1865 excluditur
1769 1812 1888 1879 loeditas,
1907 1815 1935 1870 in
1946 1819 2011 1886 qni·

376 1925 411 1967 ne
425 1908 458 1964 de
472 1908 621 1963 securitate
632 1904 791 1960 solemnitas
802 1900 1077 1965 insolescat,etmiro
1089 1899 1169 1954 modo
1183 1895 1205 1951 B
1220 1890 1272 1948 bus
1286 1892 1358 1948 nulla
1373 1897 1514 1966 corruptio
1535 1898 1624 1954 locum
1649 1900 1780 1960 babctto
1803 1904 1910 1961 lelicetn
1926 1909 2011 1963 sobo·

376 2016 437 2069 qua
453 2000 524 2053 laeta
540 2005 604 2053 sunt
624 1994 779 2060 conterens,
804 1990 938 2047 iaciendis
958 1989 1085 2061 proponit
1099 1996 1165 2043 ante
1217 1982 1280 2049 leta,
1293 2001 1353 2052 truse
1366 1987 1400 2042 de
1414 1988 1459 2042 tali
1473 1998 1616 2046 contractu
1632 1996 1806 2062 processerit,
1817 2013 1878 2068 qnae
1889 1999 1961 2053 sicut
1975 2002 2011 2057 de

377 2092 472 2148 oculos
492 2088 631 2159 exemplar
646 2086 796 2142 {lominica
816 2082 964 2158 passionis.
979 2082 1105 2151 bamque
1120 2078 1166 2135 te·
1215 2072 1320 2143 spiritu
1334 2086 1428 2132 tantm
1443 2080 1609 2150 coricipitnr,
1631 2082 1667 2139 ita
1690 2084 1771 2140 etiam
1792 2097 1895 2145 sanctae
1911 2090 2008 2145 matris

376 2198 436 2239 snm
452 2180 592 2237 Christum
608 2187 635 2234 et
649 2179 724 2233 hunc
747 2176 908 2232 crncillrum
923 2173 1000 2231 cordi
1013 2173 1119 2230 reducit
1131 2172 1165 2228 ad
1215 2166 1348 2226 Ecclesiae
1361 2173 1490 2230 uberibus
1508 2177 1662 2233 enutritur!
1691 2178 1780 2236 Ubera
1805 2184 1855 2238 ista
1879 2186 1914 2241 de
1936 2186 2010 2242 etr-lo

377 2272 551 2333 meritoriam,
567 2269 593 2323 in
613 2267 796 2323 estimatione
812 2274 894 2322 tantae
909 2265 949 2321 rci
961 2279 1039 2320 suam
1052 2279 1105 2320 non
1122 2278 1166 2319 rc·
1217 2260 1297 2331 plena
1312 2273 1384 2329 stant,
1398 2264 1441 2322 lac
1456 2266 1587 2336 spiritalis
1607 2269 1738 2327 doctrina
1752 2273 1925 2343 distillantia,
1951 2293 2010 2348 qno

375 2359 653 2433 putatactlonem.Et
664 2373 760 2415 tenera
771 2371 831 2428 quae
845 2366 935 2427 potest
949 2357 976 2412 in
992 2357 1071 2412 nabis
1085 2356 1163 2411 sesti·
1216 2366 1346 2408 sensuum
1360 2354 1519 2426 simplicitas
1548 2369 1576 2415 et
1593 2360 1749 2418 innocentia
1769 2364 1802 2419 ad
1817 2365 1897 2421 virile
1923 2370 2009 2422 robur

375 2451 459 2507 tnatio
481 2463 543 2505 esse
572 2448 696 2508 virtutis.
724 2446 788 2501 dum
813 2443 1004 2500 consideratur
1028 2440 1161 2511 patientia
1215 2443 1544 2510 morrnn,dtrtniamorts
1568 2457 1596 2502 et
1620 2450 1796 2519 perfectionis
1818 2454 2008 2526 intelligentiae

373 2537 626 2599 misericordissimi
639 2535 856 2608 Redemptorisl
869 2533 928 2590 Non
944 2532 1088 2590 exhorruit
1100 2546 1165 2602 spu-
1214 2534 1412 2603 provebuntur.
1441 2536 1569 2594 Arbitror
1594 2542 1666 2609 qttod
1688 2556 1739 2612 per
1765 2544 1810 2600 bei
1832 2548 1950 2616 qratiam
1978 2549 2006 2602 tp

373 2635 411 2690 tis
430 2643 458 2691 et
486 2632 611 2704 colaphis
636 2630 709 2685 illam
736 2628 834 2683 laciem
853 2625 1001 2698 gloriosam
1024 2636 1165 2694 exponere
1212 2622 1284 2679 hanc
1298 2634 1405 2681 aetatem
1420 2628 1589 2698 perveneris,
1609 2648 1669 2703 que
1687 2649 1741 2691 nou
1760 2634 1816 2704 iam
1828 2639 1902 2696 sieut
1916 2641 2006 2696 colla·

372 2730 400 2785 in
427 2742 510 2799 quam
541 2724 629 2793 angeli
658 2722 868 2792 concupiscunt.
898 2718 956 2773 llon
989 2717 1094 2773 teritus
1120 2722 1165 2769 est
1214 2716 2005 2796 ctanenClaristocbristicolludascunabulis;sedetet.

372 2814 621 2886 dorsnmllagellis,
636 2820 720 2882 capnt
740 2809 840 2880 spinis,
870 2808 992 2865 membra
1004 2806 1164 2863 claviseon·
1211 2813 1256 2861 sto
1269 2806 1391 2878 cruciligi
1405 2809 1501 2866 idonea
1524 2812 1615 2869 cibum
1642 2818 1731 2884 possis
1758 2820 1888 2875 mandare
1909 2822 2005 2877 puppo.

371 2908 479 2981 llgenda
492 2912 646 2977 tupponere
670 2902 714 2958 vel
736 2902 957 2971 subjiceremus
970 2899 1039 2954 nihil
1054 2897 1163 2970 penitus
1212 2912 1281 2952 rem.
1298 2898 1338 2953 Tu
1353 2901 1425 2956 enim
1438 2912 1549 2973 propter
1574 2905 1657 2963 verba
1680 2908 1887 2979 labiorumque
1909 2923 2003 2970 custo.

375 3004 547 3056 meruerunt.
561 2993 789 3051 blerueruntdico
800 2994 833 3047 de
844 3006 935 3061 paena.
948 2990 1014 3046 Nam
1029 2991 1092 3045 dunt
1104 2990 1163 3044 baec
1212 2991 1272 3046 dire
1285 2992 1344 3049 rias
1355 2992 1440 3051 duras
1459 3005 1487 3052 et
1501 2998 1578 3068 cupis
1602 3011 1630 3056 et
1653 3001 1784 3071 prevales
1806 3005 1840 3058 ad
1867 3005 2001 3062 Cructtixt

372 3093 489 3149 tolerant
500 3088 560 3146 aine
571 3086 661 3157 eulpa,
678 3098 728 3140 nos
744 3099 760 3138 a
774 3083 865 3139 debito
877 3080 1097 3152 poenaeetculpar
1113 3093 1162 3150 per
1212 3084 1369 3152 exemplum
1384 3087 1456 3143 circa
1472 3090 1565 3145 crucis
1590 3091 1684 3149 titulos
1705 3094 1828 3163 gloriari,
1854 3094 1957 3154 verum
1973 3102 2002 3157 p„

370 3183 517 3242 indebitam
545 3171 662 3252 gratiam
689 3175 874 3234 absolverunt.
897 3172 952 3229 llos
976 3170 1161 3243 igituradbae·
1214 3172 1285 3231 lecto
1306 3176 1354 3233 tali
1376 3192 1476 3250 sponso
1497 3192 1545 3237 ruo
1568 3184 1689 3254 copulari
1720 3202 1772 3242 non
1797 3188 1950 3258 horrueris,
1965 3193 2000 3247 ad

369 3284 461 3332 rentes
476 3272 526 3339 illi,
543 3270 682 3326 imitemur
694 3267 786 3332 illum,
800 3271 828 3320 et
838 3278 899 3335 quae
914 3261 952 3318 illl
968 3261 1001 3318 de
1019 3238 1195 3316 voluntatec
1213 3268 1325 3325 thalami
1338 3272 1465 3341 gandium
1476 3276 1638 3346 quandoque
1661 3282 1815 3349 pervenies,
1838 3281 1885 3353 qui
1906 3286 2000 3342 eruet,

368 3375 464 3422 nostra
487 3378 536 3434 pra
555 3371 647 3418 nostra
671 3358 836 3415 necessitate
857 3353 1041 3426 promisimus.
1062 3351 1095 3406 ad
1109 3366 1159 3407 uo·
1210 3375 1310 3429 expers
1321 3371 1364 3418 cst
1379 3364 1487 3435 penitus
1497 3376 1525 3423 et
1537 3367 1642 3425 doloris
1656 3381 1684 3426 et
1696 3371 1807 3429 laboris.
1822 3372 1947 3432 Obsecro
1961 3388 1999 3440 te.

369 3469 454 3515 stram
467 3456 592 3529 8¹⁰l³³¹¹b
606 3468 657 3525 dli
669 3453 730 3523 ⁰5⁰⁸
754 3449 870 3521 gratiam
884 3462 934 3516 1)ΐο
959 3455 1060 3502 1¹⁰³¹f¹0
1074 3444 1159 3499 slcul·
1208 3451 1395 3520 dilectissima,
1412 3465 1443 3511 ut
1468 3472 1530 3513 cum
1556 3458 1583 3514 in
1605 3459 1668 3518 lesu
1697 3464 1824 3520 tuebere
1839 3465 1887 3522 tibi
1902 3466 1999 3535 luerit,

369 3551 435 3605 tatis
451 3547 560 3605 modulo
572 3544 768 3617 persolvamus.
798 3542 828 3598 Si
853 3539 1051 3597 durumvisum
1075 3536 1160 3592 luerit
1208 3553 1259 3608 pro
1271 3542 1340 3597 meis
1353 3542 1423 3612 apud
1439 3559 1500 3599 earm
1514 3549 1671 3605 excessibus
1687 3553 1852 3622 depreceris.
1869 3555 2000 3615 Camen-

368 3638 474 3695 5¹5¹¹⁰¹5⁸
490 3636 592 3708 melfi
608 3628 1077 3707 lif⁰l³⁰⁸l¹¹¹¹b³1¹¹¹⁰⁸llaevlf8¹¹¹³⁸
1092 3641 1157 3682 ⁰⁰1¹·
1206 3629 1256 3686 lito
1271 3631 1410 3702 prolusius
1426 3637 1476 3692 tibi
1504 3640 1633 3708 splendor
1655 3642 1701 3698 ille
1722 3643 1837 3702 festinus
1858 3650 1996 3716 arriserit,

368 3733 504 3801 largianos
527 3729 668 3795 avrxilinm,
692 3727 755 3797 quia
779 3726 822 3781 cni
841 3739 871 3781 se
897 3719 1155 3780 misericordissima
1206 3722 1365 3782 dilectorem
1375 3735 1451 3782 tunm
1464 3729 1562 3785 dilecto
1577 3741 1624 3787 tuo
1633 3737 1792 3791 commenda
1805 3739 1950 3806 attentius,
1966 3751 1996 3797 nt

360 3827 411 3881 ¹illa
434 3823 632 3879 attailiatricem
653 3818 809 3888 praebuerit,
833 3817 861 3872 in
888 3815 964 3872 omni
979 3812 1157 3870 tribulatione
1205 3830 1286 3886 quern
1298 3820 1484 3874 menteadurn
1501 3830 1531 3876 et
1544 3823 1637 3895 diligo,
1654 3834 1679 3881 te
1693 3837 1834 3895 satagente
1845 3839 1996 3901 etoraute,

366 3925 459 3971 nostra
474 3925 502 3969 et
512 3914 638 3983 angustia
653 3910 732 3966 lortis
743 3910 808 3965 erit.
819 3908 972 3965 candorem
988 3906 1085 3962 liliosae
1095 3903 1156 3972 elus
1205 3915 1295 3962 tecum
1311 3909 1415 3965 valeam
1426 3910 1561 3970 obtinere.
1574 3916 1671 3976 Amen.
1688 3916 1763 3976 lale,

366 4005 528 4061 innocentiae
537 4005 680 4059 trahamus
689 4003 715 4056 in
727 3997 999 4073 nospermunditiam
1014 3995 1155 4053 conscien-

366 4100 420 4164 tice,
444 4112 494 4152 nec
509 4100 580 4152 desit
594 4095 673 4151 nobis
687 4110 747 4150 cnm
772 4092 902 4165 pudicitia
914 4090 1006 4147 carnis
1021 4088 1153 4145 instantia

366 4191 474 4248 lecuttdi
490 4188 593 4259 operis,
609 4201 663 4256 qun
690 4195 803 4241 ornetur
825 4184 977 4238 fecunditas
1001 4180 1152 4252 virginalis.

1383 4018 1386 4023 ’
1470 4024 1639 4084 eetstotat
1659 4027 1726 4086 ltttt.

1287 4128 1505 4172 annotatetuntt
1522 4132 1671 4175 necterent
1691 4136 1837 4180 eetscnetttt
1857 4124 1910 4196 (6).

1312 4203 1476 4260 dehortatur
1488 4224 1548 4263 eum
1567 4212 1647 4265 tacite
1662 4229 1678 4266 tt
1690 4214 1758 4284 repis
1768 4216 1885 4270 seruitio.

362 4272 1154 4348 aunonrastqutttemttrgtotspartumtorumdebemus
1239 4293 1399 4350 quma„
1425 4295 1544 4355 perpensi
1571 4299 1699 4372 episcopo
1733 4304 1890 4375 dominique
1921 4310 1995 4379 ,βψ

363 4374 646 4441 babererespectnrn3
662 4370 727 4423 etsi
748 4368 804 4422 veri
818 4382 877 4422 esse
888 4367 994 4434 rtovitii,
1010 4373 1038 4421 et
1051 4366 1074 4422 si
1087 4379 1152 4422 rere
1202 4380 1353 4453 ,angrorum
1368 4389 1541 4458 canapario,
1554 4392 1639 4448 prm
1651 4393 1699 4461 A„
1721 4395 1836 4453 uppem
1853 4399 1879 4453 ᾗ,
1893 4402 1992 4472 spirim

363 4465 489 4520 innovari
502 4461 637 4523 volumus,
650 4459 711 4513 noti
725 4467 818 4529 partus
829 4458 921 4528 gratiae
932 4457 1010 4513 novis
1023 4466 1051 4513 et
1062 4456 1150 4526 plenis
1202 4476 1334 4532 veritaris,

363 4555 507 4615 desideriis
522 4551 707 4607 intendamus.
720 4551 748 4606 Sl
765 4551 836 4606 enlm
852 4563 900 4619 W
916 4550 1000 4619 {iiim
1013 4548 1150 4621 lsssfiflffl·
1167 4584 1190 4640 p
1240 4564 1316 4630 Quod
1328 4567 1489 4625 sublimitati
1504 4581 1602 4629 vestre
1615 4583 1670 4631 tam
1686 4576 1875 4647 trequentibus
1889 4583 1992 4640 litteris

364 4648 446 4703 tinnis
459 4646 573 4719 gratiam
596 4659 741 4715 possumus
759 4644 893 4707 obtinere,
908 4643 948 4698 sic
962 4643 1020 4713 ipsa
1036 4643 1103 4698 duce
1114 4643 1150 4698 ad
1203 4654 1245 4709 vet
1262 4655 1365 4710 nuntiis
1382 4655 1529 4727 importuni
1542 4678 1648 4730 snmus,
1672 4667 1771 4736 partim
1790 4668 1857 4725 lacit
1870 4671 1990 4728 tanrilla-

361 4737 474 4808 gloriam
493 4733 641 4806 poterimus
655 4732 809 4801 pertenire,
826 4733 884 4802 ipso
896 4741 1042 4802 praestante
1054 4731 1100 4802 qni
1114 4745 1148 4786 ex

361 4831 418 4901 ipsa
433 4837 566 4883 natusest
580 4825 665 4882 iesus·
683 4825 810 4882 Christus
834 4824 962 4879 dontinus
982 4831 1084 4889 noster,
1099 4822 1147 4894 qui

359 4935 421 4976 cnm
438 4917 519 4974 Patre
530 4927 558 4971 et
568 4918 670 4987 Spiritu
684 4927 781 4972 sartcto
794 4914 859 4970 vivit
872 4923 901 4971 et
911 4923 1007 4987 regnat
1018 4915 1089 4970 Deus
1099 4929 1148 4985 per

359 5011 450 5065 ntttnia
465 5008 562 5065 secula
573 5010 745 5064 sacrrlortmt.
756 5010 854 5064 Anien.

623 5100 790 5158 eetstota
814 5101 870 5156 Xll.

561 5207 595 5247 an
617 5206 790 5247 utneantrau
805 5206 944 5249 ranciscat.

535 5284 602 5356 Ejus
613 5284 733 5355 precibus
747 5300 775 5340 tt
791 5287 956 5341 commendat

393 5377 560 5434 llanurmrat
573 5377 682 5447 virgini,
697 5376 781 5433 trater
791 5379 825 5435 a,
841 5378 1020 5450 peccator‚de
1034 5379 1144 5436 inrntnr·

357 5471 474 5528 cessibili
486 5470 619 5527 eastitatis
631 5469 686 5525 lilio
698 5483 798 5542 sponso
811 5471 946 5541 virginum
962 5471 1140 5543 courplacere.

392 5564 527 5631 Quurriant
553 5562 693 5618 Christum
726 5563 838 5633 diligere
870 5573 1009 5631 tenemur,
1035 5574 1140 5622 tanturn

356 5655 441 5726 ipsius
454 5655 553 5726 templa
564 5653 689 5712 venerari
703 5665 731 5712 et
746 5656 880 5714 bonorare
901 5657 1041 5715 debemus.
1059 5660 1141 5715 llabi·

1202 4746 1270 4802 ritas
1283 4757 1388 4817 vestra,
1404 4765 1458 4820 qna
1474 4753 1602 4811 immeriti
1628 4755 1757 4824 fruimur,
1779 4762 1878 4830 partim
1893 4778 1990 4822 neccs-

1199 4836 1267 4892 sitas
1284 4847 1389 4902 nostra,
1416 4854 1475 4908 qua
1487 4858 1642 4913 gravamur.
1668 4846 1864 4906 Verumtamen
1887 4865 1988 4910 neutra

1200 4944 1246 4986 res
1262 4931 1333 4999 apud
1356 4931 1484 4990 liberales
1495 4937 1601 4994 animoa
1622 4940 1734 4998 moleste
1752 4944 1896 5014 accipitur,
1923 4949 1988 5018 quia

1199 5028 1228 5074 et
1239 5019 1420 5079 familiaritati
1436 5041 1471 5081 ae
1485 5026 1512 5081 in
1533 5039 1719 5101 contemptum
1744 5036 1847 5103 teniat,
1861 5042 1988 5108 providet

1199 5116 1415 5184 congratulantis
1429 5121 1559 5176 amicitie
1568 5123 1681 5192 veritas,
1690 5134 1718 5181 et
1735 5131 1894 5187 necessitati
1903 5135 1988 5189 arise-

1199 5205 1325 5263 ricordtae
1339 5213 1493 5281 compassio
1506 5227 1559 5269 non
1576 5226 1703 5286 negatur.
1718 5218 1758 5274 Ex
1769 5230 1890 5292 utroque
1901 5225 1987 5295 igitur

1198 5303 1476 5370 sumensaudaclam,
1500 5322 1553 5362 non
1576 5324 1673 5365 verear
1693 5313 1781 5369 oculis
1803 5318 1902 5373 vestris
1915 5320 1986 5374 litte·

1197 5404 1243 5446 ras
1257 5393 1340 5448 etiam
1356 5394 1436 5450 solito
1448 5396 1616 5466 prolixiores
1629 5400 1766 5470 ingerere,
1780 5405 1845 5463 licet
1857 5407 1918 5464 illos
1931 5411 1983 5464 sibi

1195 5480 1317 5539 detineat
1332 5495 1386 5540 tarn
1402 5487 1488 5552 varia,
1501 5496 1557 5543 tam
1587 5491 1729 5565 multiplex
1751 5513 1843 5553 rerum
1865 5515 1985 5570 occupa-

1196 5573 1244 5637 tio,
1262 5589 1322 5643 quae
1339 5578 1424 5632 etiam
1452 5580 1505 5636 sibl
1530 5583 1626 5642 deesse
1649 5588 1770 5644 animum
1796 5605 1850 5644 non
1878 5591 1984 5660 patitur

1195 5678 1246 5722 nec
1261 5666 1295 5721 ad
1310 5667 1416 5726 boram.
1441 5671 1469 5727 ln
1496 5683 1572 5731 tanta
1602 5677 1686 5749 iqitur
1713 5689 1823 5752 tatnque
1843 5686 1981 5739 cornmuui

391 5791 430 5860 (d)
444 5791 619 5848 tintttctmum
647 5792 774 5866 abonpn
796 5794 910 5867 Campo,
932 5799 1034 5873 angliae
1058 5802 1264 5880 caricellarinm,
1290 5814 1446 5888 episcopum
1467 5819 1619 5896 lleliensem
1643 5826 1679 5881 ab
1702 5841 1775 5884 attan
1799 5828 1869 5885 ttta
1894 5843 1981 5900 usque

354 5860 388 5915 ad
404 5877 502 5918 annatn
520 5863 599 5932 tttt,
617 5874 644 5948 et
663 5879 738 5935 repm
751 5867 952 5925 administrum.
