4425 6450
274 485 332 544 657

1000 489 1189 549 EPlSTOLAE.

1853 486 1905 541 ΝΒ

278 604 377 659 ruenda
403 614 445 659 est
470 614 647 661 sacrosancta
664 620 758 661 eorum
774 605 902 675 prolatio,
924 615 951 661 et
967 607 1008 662 ris
1024 608 1065 663 in·
1079 614 1103 670 A
1118 622 1199 675 urtam
1227 618 1275 673 pro
1300 603 1346 657 ilio
1362 601 1522 670 coniurasse
1541 599 1786 653 sidunensium
1813 598 1904 657 lerunt

274 694 534 762 corrrprebensibilis
550 695 672 765 arrysterii
689 693 797 761 essieax,
815 711 875 766 quae
892 697 1064 752 sacerdotum

275 785 431 839 nriuisterio
447 795 511 841 srrrtt
527 802 656 842 concessa
671 785 812 844 divinitus.

310 876 369 942 ero
387 876 469 945 igitur
485 886 565 948 paeto
587 877 637 931 erit
655 877 706 931 sub
722 876 802 932 labiis
816 878 870 932 tuis
886 878 962 933 labor
978 886 1005 932 et
1017 877 1066 934 do-

274 969 317 1023 lor
332 977 360 1023 et
380 983 515 1023 reuenuru
532 969 669 1039 aspidum,
690 983 751 1023 curn
778 977 852 1021 tanta
874 978 963 1023 tatueu
980 970 1065 1038 possit

252 1116 256 1125 ,
276 1060 303 1114 in
320 1059 400 1114 labiis
416 1060 469 1114 tuis
483 1059 627 1115 verborum
643 1059 702 1114 ris?
716 1057 737 1113 ll
752 1059 924 1128 nurltiloquio
942 1059 1026 1129 igitur
1037 1067 1066 1115 et

276 1150 484 1219 sacriloquio,a
506 1150 677 1222 stultiloquio
694 1161 721 1207 et
740 1149 920 1219 turpiloquio,
943 1160 970 1203 et
991 1148 1064 1205 lalsi·

276 1243 407 1312 lomrioet
426 1241 596 1313 maliloquio,
620 1244 702 1299 debes
727 1252 852 1298 osteum
876 1256 1064 1312 compescere,

275 1332 339 1399 quia
351 1329 509 1385 caelestibus
522 1340 710 1387 consecratum
723 1331 861 1403 mysteriis
878 1340 985 1387 constat
995 1343 1064 1385 esse.

274 1422 395 1491 qutaut
411 1436 480 1491 puro
496 1423 588 1489 corde,
606 1438 688 1492 qrraru
704 1423 813 1477 tnuttdis
830 1423 965 1489 astartibus,
983 1436 1065 1491 quam

275 1513 447 1583 simplicibus
461 1511 560 1580 oculis,
574 1514 621 1568 illa
635 1514 707 1569 actio
716 1512 889 1583 exsequenda
902 1521 955 1577 est,
969 1512 996 1566 iu
1011 1526 1064 1581 qua

275 1603 366 1674 agitur
378 1604 411 1659 de
431 1603 551 1673 Virginis
567 1611 658 1673 partu,
680 1605 714 1658 de
737 1602 805 1673 dgui
819 1603 957 1673 passione,
972 1602 1007 1657 de
1022 1616 1066 1657 re·

275 1694 434 1765 demptione
450 1695 603 1760 bantinum,
626 1694 660 1749 de
678 1696 823 1750 eriminum
842 1693 1017 1764 indulgentia,
1031 1692 1066 1747 de

274 1785 408 1838 uirtutum
430 1783 611 1854 plenitudine,
637 1785 672 1839 de
687 1783 779 1838 laetitia
794 1781 972 1852 augelorum!
997 1780 1065 1848 Quis

275 1876 324 1930 tibi
345 1889 374 1930 cs
395 1886 422 1930 et
445 1875 545 1944 qualis,
570 1876 615 1929 ubi
637 1876 710 1931 inter
734 1890 831 1930 otarius
856 1883 916 1929 tuas
932 1874 1014 1943 Virgo
1031 1874 1064 1929 de

1120 700 1146 754 iu
1164 700 1264 777 ipsum,
1279 696 1324 767 qui
1337 710 1386 765 pro
1399 695 1458 764 ipso
1477 705 1597 764 pugnare
1618 692 1784 755 debuerant;
1801 700 1828 746 et
1846 693 1903 746 vir·

1115 790 1203 860 ginem
1220 789 1354 858 ejus,lroc
1379 796 1420 841 est
1442 785 1602 847 Eierlesiam,
1628 783 1699 838 sieut
1722 783 1761 836 ait
1781 780 1904 852 Propb'e·

1116 889 1154 944 ta,
1171 886 1393 950 constuprantes,
1412 895 1494 950 usgue
1514 879 1548 931 ud
1576 877 1696 932 uerticem
1711 883 1901 943 corruperunt.

1117 973 1183 1042 (Jrr.
1197 971 1241 1042 ιι.)

1152 1064 1272 1131 lienium
1283 1060 1338 1115 vita
1351 1073 1446 1116 eorum
1458 1058 1530 1113 lacta
1553 1067 1596 1114 est
1620 1057 1748 1114 omnibus
1760 1054 1903 1124 exemplar
1998 1112 2004 1121 ,

1116 1150 1237 1215 malitiae,
1248 1151 1356 1206 sentina
1372 1150 1531 1215 eriminum,
1539 1148 1725 1215 spectaculum
1736 1147 1903 1215 ignominia,

1116 1241 1275 1296 ambitionis
1289 1241 1432 1305 materies,
1450 1250 1479 1295 et
1496 1240 1580 1295 totius
1593 1239 1746 1295 aversionis
1758 1237 1845 1293 lornra
1856 1236 1905 1291 de·

1118 1331 1363 1400 lormisaguorum
1382 1338 1423 1386 est
1452 1329 1625 1401 inexplebilis
1648 1338 1676 1384 et
1700 1327 1905 1398 inexplicabilis

1115 1422 1242 1489 avaritia,
1258 1420 1341 1476 libido
1354 1420 1528 1485 insatiabilis,
1546 1420 1662 1475 ambitio
1684 1419 1802 1478 irtllnita.
1815 1417 1906 1474 Simo·

1117 1527 1178 1565 uem
1203 1512 1332 1566 nimirum
1358 1519 1386 1566 et
1410 1510 1486 1566 Giezi
1508 1509 1659 1574 imitantes,
1686 1509 1795 1564 domum
1812 1506 1859 1562 [lei
1875 1506 1903 1561 in

1118 1603 1246 1672 templum
1276 1602 1339 1658 idoli
1375 1601 1496 1657 iulelici.
1518 1600 1686 1656 corrrmercio
1716 1608 1902 1653 mutarerunt.

1115 1696 1235 1750 Auaritia
1249 1695 1329 1756 enirn,
1351 1703 1380 1748 ut
1406 1694 1444 1746 ait
1473 1690 1679 1761 apostolocae
1700 1689 1832 1743 idolorum
1849 1705 1906 1743 ser·

1116 1789 1183 1841 riter
1195 1783 1266 1856 (Col.
1283 1783 1428 1855 rubenius
1451 1794 1585 1854 qrrastum
1608 1784 1737 1852 pictatem
1764 1790 1904 1853 putantes.

1117 1876 1219 1930 nullum
1256 1876 1401 1930 admittere
1433 1876 1605 1948 sacrilegium
1643 1853 1811 1929 rev'erentur.
1840 1871 1917 1927 Plus-

274 1967 378 2036 Spiritn
421 1978 521 2023 sancto
557 1968 696 2037 concipit,
737 1982 798 2022 cum
839 1975 864 2020 te
908 1963 1186 2035 prolereutelleoiru
1206 1973 1305 2020 curant
1336 1981 1462 2020 nrrrtunos
1492 1983 1575 2037 garam
1603 1965 1913 2033 animasptusnuroc.

274 2061 359 2115 rerba
385 2061 509 2131 mysterii
534 2059 657 2123 illibata,
682 2058 798 2114 risibilis
825 2056 973 2112 oblationis
999 2056 1063 2111 sub·
1114 2074 1195 2129 quam
1208 2067 1308 2123 nrutos,
1321 2058 1381 2126 plus
1397 2072 1479 2112 canes
1495 2073 1576 2126 qrram
1590 2070 1738 2126 parsperes3
1755 2054 1815 2124 plus
1829 2053 1914 2109 deni·-

274 2153 378 2206 stantia
413 2152 441 2207 ia
476 2151 576 2207 divinas
610 2150 702 2205 earnis
731 2149 914 2205 substantiam
945 2147 1065 2204 transit?
1115 2164 1168 2220 qne
1194 2147 1287 2203 caratis
1312 2162 1368 2202 suae
1394 2162 1463 2216 quos
1486 2148 1519 2203 de
1537 2147 1720 2202 fornicatione
1740 2146 1913 2215 suscipiunt,

277 2241 336 2308 Quo
374 2251 452 2309 paeto
483 2240 517 2296 ad
553 2239 684 2295 rastitatis
714 2238 869 2309 superflua,
906 2238 941 2294 ad
978 2248 1064 2293 mate·
1113 2252 1195 2307 ortam
1225 2238 1321 2292 matris
1348 2236 1480 2293 Ecclesiae
1506 2236 1586 2303 lilios,
1614 2235 1713 2306 gruibus
1738 2246 1905 2306 praeesseet

274 2336 343 2388 riairn
360 2333 526 2403 petulantiae,
542 2333 575 2387 ad
598 2332 716 2388 lonrenta
729 2331 885 2393 libidirunn,
903 2330 966 2385 illos
993 2345 1061 2383 ocu·
1118 2325 1248 2396 prodesse
1274 2335 1411 2381 tenentur.
1438 2326 1465 2382 0
1490 2325 1617 2380 infelices
1637 2326 1714 2391 istos,
1731 2325 1777 2394 utri
1793 2326 1827 2378 de
1854 2340 1912 2380 suo

274 2424 315 2480 los
336 2441 369 2479 es
394 2426 532 2495 proposito
555 2425 649 2491 vertis,
667 2425 767 2481 ouilrus
786 2433 814 2476 et
825 2420 942 2492 virginei
968 2428 1062 2485 partus
1117 2416 1239 2471 solentes
1262 2414 1395 2470 honorari
1422 2413 1588 2479 ministerio,
1612 2414 1701 2482 ipsunt
1738 2412 1905 2467 omnimodis

275 2515 799 2583 nrrrrrdiriametbomiuicaepassiouis
826 2512 1008 2567 innocentiam
1036 2509 1063 2563 ia
1115 2506 1296 2562 ruiutstertum
1320 2507 1506 2561 inhonorant!
1537 2504 1596 2560 laur
1624 2504 1697 2557 enirn
1731 2504 1906 2570 vituperatur

275 2609 328 2664 tois
341 2612 399 2663 lteri
421 2610 546 2664 aturribus
565 2607 697 2662 intueris?
711 2604 768 2672 Qua
785 2605 874 2660 lroute
902 2604 987 2658 audes
1009 2601 1064 2657 tuis
1115 2610 1212 2649 eorum
1232 2597 1430 2664 ruinisteriam,
1455 2595 1520 2649 dum
1549 2609 1597 2662 per
1621 2592 1698 2658 illud,
1714 2606 1767 2647 uon
1783 2592 1904 2656 Christo,

272 2700 367 2769 digitis
384 2700 528 2753 iulrouesta
546 2695 775 2768 tangere,quibus
789 2703 894 2749 tractas
907 2691 1064 2747 honestatis
1116 2688 1163 2741 sed
1179 2686 1230 2743 sibi
1249 2688 1414 2753 tuirristrant,
1429 2696 1587 2758 satagentes
1599 2701 1631 2741 es
1646 2685 1734 2739 lrurtu
1750 2682 1832 2738 officii
1848 2697 1906 2737 suae

273 2799 426 2851 auctorem,
456 2797 606 2843 amatorem
630 2786 804 2848 irrrrocentiae,
832 2784 929 2855 gratiae
954 2782 1065 2852 largite·
1116 2778 1277 2835 satisfacere
1288 2778 1432 2847 uoluptati.
1448 2780 1484 2835 Se
1498 2779 1590 2834 crucis
1615 2778 1717 2833 Gltristi
1744 2791 1838 2833 servos
1862 2777 1914 2829 la·-

275 2880 463 2935 remillanus
481 2879 678 2949 trrasanguine
701 2877 786 2949 plenae
810 2885 885 2941 sunt,
904 2883 932 2930 et
948 2876 982 2929 ad
998 2889 1067 2929 ean·
1116 2879 1218 2936 teutur,
1244 2871 1389 2925 rlrrrnmodo
1411 2886 1445 2925 cr
1470 2870 1516 2925 illa
1547 2870 1760 2926 emolumenturn
1786 2869 1900 2937 carnale
1958 2916 1960 2919 .

274 2971 447 3025 diuis-sinain
463 2969 607 3024 sindonem
622 2967 877 3023 borniuieaeearnis
893 2983 941 3023 eas
956 2969 1066 3023 mittere
1115 2962 1285 3032 suscipiam:
1307 2961 1355 3016 sed
1380 2961 1487 3016 beatam
1513 2961 1589 3031 sequti
1615 2961 1703 3015 erraris
1727 2960 1918 3030 ignominiane.

275 3076 329 3114 nou
346 3058 493 3114 lorruidas?
511 3059 588 3123 Vide,
603 3058 651 3123 sili,
664 3074 698 3115 ue
711 3059 733 3114 si
750 3069 775 3115 te
788 3060 925 3129 rapacitas
943 3060 1066 3116 avaritiae
1114 3055 1290 3110 crubescunt.
1304 3053 1350 3109 Sic
1367 3054 1439 3110 cruci
1463 3054 1636 3117 servianum
1651 3066 1825 3108 uoucruecm
1842 3067 1905 3107 sen·

275 3151 346 3205 lorte
374 3149 465 3220 lrrpum
493 3148 606 3215 lecerit,
625 3150 717 3221 dgnus
754 3149 840 3222 largiat
868 3138 1063 3221 potiusquam
1116 3146 1271 3210 tiaut,eurn
1299 3146 1389 3214 potius
1415 3146 1466 3200 sub
1495 3145 1609 3200 obtentu
1634 3144 1787 3211 crucis,de
1813 3142 1910 3198 crucis

275 3251 477 3312 exspectetzet
492 3255 588 3297 resera
603 3241 659 3312 lupi
675 3243 848 3313 presentiam
874 3244 935 3313 agni
963 3243 1063 3298 teneri·
1121 3238 1256 3294 berreueio
1281 3237 1374 3293 earnis
1400 3237 1538 3292 lrrsuriam
1564 3245 1592 3293 et
1616 3235 1707 3292 mollia
1735 3235 1918 3304 rolrrptatunn·

276 3330 341 3384 tudo
357 3344 408 3384 uon
422 3331 540 3384 stistinet
557 3346 563 3382 :
581 3329 651 3383 sicut
667 3347 718 3387 uec
734 3332 817 3386 urilvii
832 3333 980 3403 ingluuiem
1006 3333 1064 3402 gal·
1115 3339 1318 3386 consectantur.
1331 3329 1353 3386 0
1366 3329 1472 3385 saeculis
1485 3329 1611 3385 omnibus
1622 3328 1780 3383 detestanda
1797 3327 1903 3382 abuslat

275 3419 339 3476 linae
356 3421 466 3491 pullus,
484 3421 524 3477 sie
539 3438 589 3478 uec
602 3423 741 3492 accipitris
756 3423 935 3493 rapacitatem
958 3425 1064 3479 eolum-
1116 3420 1276 3475 ideoeolere
1296 3435 1419 3489 crucem,
1434 3429 1463 3475 ιιι
1492 3420 1594 3477 habeas
1617 3420 1689 3475 arride
1705 3435 1787 3476 vaces
1811 3421 1906 3477 illcee·

274 3513 318 3571 bi.
334 3512 367 3570 Et
381 3515 490 3584 qrridem
506 3530 559 3570 uon
577 3531 610 3571 ex
625 3527 697 3572 metu
713 3516 781 3587 Agrai
798 3518 855 3573 base
869 3515 934 3588 luga
964 3517 1064 3586 agitur,
1115 3510 1182 3575 bris,
1198 3512 1269 3565 uude
1285 3527 1378 3567 srrnras
1405 3512 1531 3566 relanren
1556 3511 1668 3567 nralitiae
1695 3511 1861 3568 libertatem.
1875 3512 1906 3568 ln

275 3622 326 3662 nee
340 3606 365 3661 iu
381 3607 498 3665 recitate
512 3621 568 3664 suae
578 3609 673 3663 carnis
692 3610 865 3680 presentiam
877 3610 960 3663 etiarn
974 3610 1064 3678 pessi-
1115 3615 1197 3656 errice
1210 3602 1312 3657 Christi
1325 3612 1351 3658 et
1363 3603 1454 3658 crucis
1469 3602 1601 3672 obsequio
1618 3617 1725 3657 srrnrma
1740 3612 1768 3657 et
1785 3603 1841 3657 sola
1869 3602 1914 3656 li·-

277 3699 331 3752 ruis
343 3698 471 3769 denegat,
486 3698 533 3753 sed
555 3713 603 3754 eos
617 3698 685 3769 lugit
696 3699 805 3768 qrrarrdo
820 3699 854 3753 ad
874 3699 1022 3768 perniciem
1038 3707 1065 3752 ct
1115 3694 1209 3749 bertas
1224 3703 1285 3761 cst3
1300 3695 1347 3750 sed
1365 3695 1466 3765 quibus
1477 3694 1553 3749 cordi
1570 3694 1664 3750 unctio
1678 3701 1732 3758 est,
1750 3704 1777 3749 et
1802 3695 1919 3750 recitas-

274 3791 308 3844 al
323 3791 454 3861 judicium
468 3806 498 3847 se
511 3790 581 3846 sumi
596 3806 611 3844 a
628 3789 726 3844 talibus
739 3788 816 3845 sinit.
838 3789 922 3859 llagis
933 3806 965 3844 er
994 3804 1064 3860 prce-
1116 3791 1142 3843 iu
1161 3786 1269 3844 allecta.
1286 3788 1421 3843 Caeterum
1435 3795 1573 3842 amatores
1585 3786 1690 3855 saeerrli,
1703 3795 1919 3858 contemptores.

273 3890 365 3946 seratis
385 3890 440 3959 lupi
455 3890 548 3960 dgnus
556 3889 701 3953 occiditur,
715 3904 776 3943 cunr
793 3889 902 3958 indigae
914 3888 1064 3957 accipiens,
1115 3881 1279 3946 coelestiam,
1290 3879 1450 3951 plerumque
1463 3879 1526 3936 dani
1538 3881 1919 3955 exsemtttmusomacaprnd.

274 3983 317 4038 rel
343 3982 485 4037 inhoneste
511 3981 670 4043 corifieieus,
696 3995 759 4035 reris
783 3979 914 4034 Dirmiuiei
940 3982 1064 4048 eorporis
1116 3972 1190 4041 11111111
1204 3981 1256 4036 151,
1280 3971 1314 4025 de
1335 3972 1426 4026 1111111
1442 3971 1522 4026 11111111
1548 3987 1578 4028 se
1602 3977 1811 4039 1111111111ιςιωιὶ
1829 3977 1902 4030 enirn

272 4087 302 4131 et
328 4075 470 4147 sanguinis
497 4072 646 4128 invenitur.
663 4073 805 4140 Quomodo
826 4086 904 4142 ergo,
922 4071 968 4141 gul
1001 4070 1063 4127 talis
1116 4063 1268 4118 sacerdotis
1292 4061 1490 4129 ottieiun,nisi
1514 4063 1590 4118 cruci
1615 4063 1780 4119 militatatu
1812 4075 1903 4122 tamen

273 4181 327 4234 est,
344 4168 499 4224 ludaeorum
516 4164 705 4222 infidelitatem
721 4164 871 4235 redarguit,
884 4172 912 4218 et
932 4164 964 4219 de
987 4171 1063 4220 reatu
1115 4156 1218 4211 videtis
1230 4164 1321 4209 ulrum
1350 4169 1444 4209 verunt
1468 4155 1591 4211 redoleas
1615 4157 1796 4213 sacerdotem.
1812 4157 1904 4214 Bonus

274 4261 425 4318 bortrinicae
440 4261 537 4316 mortis
564 4259 715 4321 convincit,
735 4257 782 4326 qui
804 4265 976 4311 sacramenta
997 4257 1065 4312 indi·
1115 4248 1243 4303 sacerdo-s
1262 4257 1305 4304 151
1320 4248 1347 4302 iu
1359 4261 1417 4317 ouo
1429 4248 1606 4303 commendat
1622 4247 1783 4318 dignitatem
1798 4249 1912 4308 ordinis.

274 4371 327 4425 gne
345 4354 496 4424 accipiens,
509 4352 630 4423 ejrrsderu
657 4365 687 4405 se
714 4348 793 4419 culpa
815 4357 908 4402 reatus
928 4346 1064 4403 irrrolritl
1115 4341 1246 4398 ordinatae
1258 4343 1380 4397 studium
1396 4342 1522 4398 aetionis.
1539 4341 1630 4398 Bonus
1645 4342 1773 4398 sacerdos
1794 4351 1835 4398 est
1856 4345 1903 4414 qui

273 4449 309 4505 Et
339 4449 375 4502 itti
408 4449 530 4517 quidem,
547 4447 570 4502 si
586 4445 789 4514 cognovissent,
804 4456 942 4511 truuqttatu
971 4440 1064 4511 gloriae
1116 4449 1169 4489 uon
1182 4436 1263 4489 modo
1275 4432 1351 4487 Patri
1368 4433 1491 4489 immolat
1503 4431 1611 4500 Filium,
1626 4433 1672 4487 sed
1683 4447 1791 4502 semper
1804 4435 1905 4506 satagit

275 4544 417 4599 luminum
432 4540 642 4595 crucifixissent.
660 4539 700 4592 Τιι
733 4535 878 4608 cognoscis
901 4542 929 4588 et
950 4532 1061 4596 occidis,
1116 4527 1260 4582 immolare
1285 4526 1419 4597 teipsum,
1435 4527 1555 4596 1111οι11111
1569 4525 1705 4593 (1110110110
1719 4526 1847 4592 comedit,
1861 4526 1905 4581 vel

274 4638 383 4706 quoties
411 4649 475 4689 reus
502 4632 625 4701 corporis
653 4642 681 4688 et
712 4629 854 4700 sanguinis
878 4628 937 4696 eius
952 4627 1064 4698 indigne
1080 4638 1104 4698 ι)
1119 4620 1241 4677 immolat
1266 4635 1377 4691 agnum,
1393 4621 1440 4690 qui
1468 4635 1519 4676 nee
1535 4617 1685 4690 AEgyptum
1714 4618 1828 4682 deserit,
1853 4632 1904 4673 nee

274 4726 436 4797 accipiendo
450 4723 576 4779 efficeris.
594 4723 685 4794 longe
700 4720 898 4780 exsecrabilius
916 4728 959 4774 est
972 4719 1061 4774 vireu·
1117 4728 1197 4770 renes
1210 4713 1347 4785 accingit?
1371 4711 1493 4768 llebneis
1514 4721 1618 4765 tanturn
1649 4716 1676 4788 et
1703 4709 1906 4778 egredientibus

274 4827 330 4875 tem
355 4827 383 4872 et
413 4826 571 4888 regnantem
595 4814 735 4871 insaecula
752 4809 1064 4868 iterannaterivendo
1116 4805 1277 4876 deAEgypto
1295 4805 1475 4875 lieetagnum
1499 4799 1641 4855 imrnolare
1661 4795 1904 4866 paschalemllon

274 4908 450 4979 crucifigere,
464 4922 545 4976 cruam
568 4921 631 4962 euru
647 4903 832 4960 inmortalem
858 4901 948 4957 adbuc
965 4909 993 4955 et
1015 4900 1065 4955 bu·
1117 4906 1159 4953 est
1171 4895 1282 4967 AEgypti
1298 4894 1466 4950 sacritlcium
1492 4890 1575 4955 istud,
1590 4889 1657 4960 quin
1685 4889 1777 4958 potius
1804 4902 1905 4959 agnam

273 5011 385 5051 uranum
400 4995 553 5063 subjeetum
569 4993 726 5064 indigentiis
738 4991 848 5049 inuans
863 4988 989 5046 nesciens
1017 5002 1065 5043 vo·

274 5086 326 5141 luit
350 5085 495 5141 desaevire.
525 5085 650 5140 beterior
686 5083 749 5139 ildei
781 5083 869 5138 bostis
900 5090 944 5136 est
980 5077 1065 5134 tatros

273 5177 465 5244 Christianus,
487 5177 578 5233 sciens
603 5184 631 5232 et
645 5189 826 5244 persequens,
847 5187 928 5244 quam
953 5171 1066 5227 lrrdaeus

272 5285 443 5339 persequens
457 5279 484 5326 et
497 5271 641 5340 ignorans;
654 5268 702 5324 sed
717 5267 788 5321 intra
810 5265 871 5320 [idei
896 5266 988 5320 sinum
1004 5263 1066 5317 nul·

273 5358 317 5416 lus
331 5361 403 5417 malo
418 5350 543 5418 atrocior
559 5361 712 5427 sacerdote,
727 5358 838 5428 quirion
853 5355 923 5410 mala
935 5353 1065 5425 ignoran-

274 5451 324 5518 tia,
342 5456 390 5508 sed
407 5455 523 5510 araritia
539 5453 682 5509 Christum
705 5447 891 5520 persequitur,
918 5445 963 5501 cui
989 5451 1064 5499 tanto

273 5549 406 5605 debuerat
438 5547 598 5602 familiarius
626 5541 764 5611 obsequi,
788 5540 926 5596 cobaerere
948 5540 1062 5608 firmius,

273 5640 434 5696 arinistrare
446 5639 564 5705 bdelius,
579 5646 683 5707 quanto
697 5648 728 5690 se
748 5633 908 5703 dignantius
933 5641 961 5688 et
981 5631 1064 5687 ruira-

273 5730 455 5787 biliuscredit
470 5730 520 5785 itti.
549 5726 648 5782 Verum
669 5723 754 5795 (quod
776 5723 836 5779 sine
847 5723 950 5794 gemitu
971 5723 1063 5779 dieen-

274 5825 338 5879 dum
354 5840 407 5880 uou
434 5825 499 5895 est),
515 5823 675 5879 sacerdotes
700 5821 788 5876 nostri
815 5817 944 5888 ternporis
969 5818 1005 5873 ita
1035 5830 1064 5872 se

274 5915 349 5974 vitiis
363 5925 541 5976 arnratcruut
564 5915 786 5985 inclinaturus
824 5925 844 5970 ιι
860 5910 948 5981 ipsum
973 5907 1063 5980 potius
1081 5993 1087 5996 .

1116 4984 1159 5038 rel
1170 4999 1250 5039 ovcru
1271 4984 1352 5037 edere
1363 4981 1556 5051 dedignantur.
1570 4977 1716 5050 AEgyptios
1734 4987 1778 5034 est
1793 4976 1906 5033 saecula-

1116 5077 1165 5138 ris,
1183 5089 1263 5144 quaem
1277 5073 1414 5128 delectant
1429 5080 1607 5142 peecatorum
1626 5069 1757 5132 tenebre,
1774 5069 1820 5122 cui
1846 5067 1905 5138 pla-

1116 5176 1161 5224 cet
1184 5166 1336 5222 l'lraraoaie
1352 5163 1504 5230 damnatio,
1526 5163 1571 5219 cui
1595 5162 1724 5224 cordiest
1750 5161 1776 5214 iu
1798 5159 1856 5213 luto
1877 5168 1906 5213 et

1116 5259 1201 5314 latere
1213 5258 1368 5328 occupatio.
1384 5254 1517 5326 AEgyptus
1545 5253 1659 5309 tenebre
1683 5257 1773 5314 sonat,
1797 5246 1906 5302 Pbarao

1116 5351 1267 5422 dissipatio,
1282 5350 1368 5404 lutura
1386 5358 1413 5404 et
1428 5347 1599 5416 voluptatum
1615 5341 1757 5408 mollities,
1769 5353 1851 5409 quam
1876 5340 1904 5393 in

1116 5442 1210 5498 lateris
1235 5441 1366 5496 duritiam
1390 5437 1562 5494 consuetudo
1584 5431 1730 5490 convertit.
1763 5430 1821 5484 Non
1851 5429 1919 5484 ista.

1116 5534 1260 5606 agentibus
1271 5547 1372 5605 agnum
1387 5528 1533 5587 immolare
1558 5524 1728 5595 praecipitur,
1742 5523 1789 5578 sed
1819 5520 1906 5573 lsrae-

1116 5627 1170 5682 litae
1183 5626 1217 5680 ad
1232 5622 1406 5681 solitudinem
1421 5618 1583 5682 festinanti;
1601 5629 1680 5671 renes
1706 5613 1825 5683 accingit
1839 5627 1906 5668 eon·

1117 5717 1245 5784 tinentia,
1258 5719 1292 5773 de
1308 5715 1430 5772 tenebris
1442 5713 1565 5767 educunt
1578 5708 1678 5763 veritas
1696 5715 1725 5760 et
1747 5703 1904 5766 sinceritas,

1116 5821 1282 5882 generatque
1293 5807 1462 5882 poenitentiae
1475 5800 1684 5860 amaritudinem
1699 5799 1802 5854 lactuca
1819 5806 1918 5865 agros-

1117 5905 1177 5960 stis.
