4425 6450
311 367 380 424 1057
734 365 1010 424 ssutuutltutttt
1029 367 1119 423 liunt
1140 365 1306 438 Quidque.
1326 402 1361 413 -
1376 370 1441 427 utu.
1461 371 1505 427 ΙΙΙ.
1867 383 1941 445 toas

308 484 450 542 ceciderit.
466 483 539 555 Erga
559 483 604 543 ille
615 490 656 542 est
682 485 708 540 iu
732 485 822 541 altiori
840 486 924 556 gradu
946 486 1100 541 charitatis.
1117 496 1139 554 Α
1155 486 1281 557 estquod
1293 501 1348 543 non
1363 487 1441 556 punit
1459 502 1521 543 cum
1534 496 1663 559 quantum
1679 493 1785 559 meruit,
1805 498 1867 567 quin
1890 515 1943 557 iton

307 579 378 649 Ergo
400 579 483 634 lralr'et
502 578 685 634 intensiorem
704 577 868 633 charitatem
890 593 970 648 quam
987 579 1038 633 iste
1052 578 1097 647 qui
1152 577 1231 647 pouit
1245 592 1307 633 eum
1324 592 1404 648 prena
1419 588 1531 634 aterna.
1550 579 1629 648 ltem,
1647 586 1670 640 si
1682 587 1760 653 punit
1774 588 1843 645 fieus
1857 588 1944 645 ironii-

305 670 393 741 magis
407 670 566 726 conteritur.
584 670 646 726 llaec
660 679 750 726 antem
764 670 933 726 discutienda
949 672 1099 728 reserualri·
1151 682 1211 721 uem
1233 682 1283 739 pro
1305 679 1437 738 peceato,
1464 669 1490 723 id
1513 679 1558 725 est
1584 674 1681 730 merito
1697 678 1819 747 pcccati,
1840 689 1942 737 retorna

306 778 378 829 nius,
395 762 477 833 188
488 764 574 819 donee
587 765 620 818 de
635 762 767 818 charitate
783 770 943 818 tractemus.
1150 773 1239 827 poerra,
1256 774 1310 813 non
1325 760 1404 828 punit
1418 763 1481 815 eum
1494 772 1625 826 qnantrrm
1639 766 1751 829 noeroit,
1763 769 1824 838 qnia
1835 784 1943 838 semper

340 852 371 909 st
386 853 448 924 quis
465 868 497 909 ea
514 868 574 923 quae
591 854 720 925 praedicta
737 862 802 909 suut
824 853 989 917 consideret,
1007 853 1097 909 ridere
1148 849 1238 918 parcit
1256 848 1340 915 fieus,
1363 865 1470 921 semper
1480 850 1582 921 aliquid
1598 850 1672 908 laxat
1694 856 1727 911 tle
1743 872 1822 926 poena
1839 858 1941 919 delrita.

305 953 396 1017 potest
410 946 482 1015 quod
497 945 625 1014 quaelibet
644 946 776 1003 contritio
790 943 884 1001 habita
901 961 934 1001 ex
951 947 1095 1009 charitate,
1149 938 1216 994 Crnu
1230 949 1321 994 autem
1332 941 1450 996 dieitur:
1464 941 1548 997 Torua
1560 954 1598 997 ert
1614 947 1736 1001 contritio
1747 948 1839 1015 istinc,
1854 967 1940 1019 qnon-

304 1036 404 1094 sullieit
418 1036 452 1090 sd
469 1035 613 1093 delendum
635 1036 749 1092 mortale
762 1047 902 1106 peccatum
914 1048 1046 1107 qnantum
1061 1039 1095 1093 ad
1147 1043 1203 1085 rum
1219 1032 1269 1101 [1111
1284 1032 1395 1086 mortale
1409 1046 1545 1102 liesca'lm
1560 1037 1656 1104 ipsius,
1668 1036 1877 1109 11011111111111111
1890 1057 1940 1110 1¹⁰·

304 1136 422 1192 reatum,
438 1141 493 1181 nou
509 1139 641 1197 quantum
656 1131 691 1185 ad
704 1144 834 1199 pcenam,
850 1130 921 1199 quod
935 1130 1011 1186 solus
1025 1130 1095 1186 lieris
1149 1133 1200 1179 tcst
1212 1124 1336 1195 intelligi.
1350 1124 1404 1181 Sed
1424 1128 1538 1182 attende
1549 1128 1624 1197 prius
1636 1131 1708 1199 quod
1728 1142 1870 1200 peccatum
1886 1149 1939 1189 non

303 1216 367 1281 scit,
383 1215 518 1286 quinovit
535 1217 715 1287 cogitationes
731 1219 937 1290 honrirrum‚qui
956 1220 1031 1274 norit
1047 1220 1094 1273 ab·
1145 1214 1247 1271 dieitur
1259 1216 1296 1270 ita
1312 1231 1440 1286 magnum
1462 1220 1616 1287 quantitate
1628 1230 1658 1276 ut
1675 1222 1788 1291 liguum.
1803 1223 1844 1278 vel
1861 1224 1937 1294 111111,

301 1310 426 1365 sanctita
438 1310 539 1366 cordis.
555 1312 589 1369 Fa
606 1313 669 1369 inde
689 1321 731 1367 εει
748 1313 819 1383 quod
837 1313 922 1368 nostri
937 1314 1094 1369 sacerdotes
1144 1308 1192 1362 red
1209 1306 1440 1365 diuturnitatem!
1454 1311 1673 1381 contemptore!
1689 1312 1858 1384 frequentius
1871 1316 1936 1388 [for.

302 1400 447 1473 injungunt
462 1403 681 1461 satisfactionem
694 1404 727 1459 ad
743 1403 886 1460 delendum
901 1404 1016 1461 mortale
1030 1419 1092 1476 pec·
1143 1398 1322 1471 Ῑ111Ι111111Ῑ1Ῑ»
1333 1400 1397 1470 ‘l'lia
1416 1415 1511 1471 ¹¹¹²ii¹¹³
1525 1416 1606 1472 1101111
1618 1413 1660 1459 ⁰⁸²
1672 1404 1763 1460 11111111
1777 1406 1801 1461 11
1814 1409 1938 1475 1111011111

300 1504 392 1550 earum
410 1503 544 1563 quantum
560 1495 593 1551 ad
609 1510 730 1565 poenam,
744 1495 855 1550 comsit
870 1494 990 1551 deletum
1005 1510 1093 1565 quan·
1144 1506 1176 1547 er
1200 1500 1379 1563 contemptu;
1395 1493 1467 1550 irride
1489 1495 1591 1551 dicitur
1610 1511 1692 1550 nuum
1712 1509 1855 1567 peccatum
1878 1514 1940 1556 esse

300 1596 358 1641 tunr
376 1585 409 1641 ad
432 1595 537 1642 reatum
557 1601 606 1657 per
628 1588 831 1644 contritionem.
844 1586 915 1659 Ergo
926 1588 996 1657 quod
1016 1586 1093 1643 deest
1143 1583 1232 1652 majus
1244 1583 1308 1653 alio,
1322 1586 1550 1655 quoniammajor
1560 1597 1602 1643 εει
1615 1602 1695 1658 poena
1709 1590 1848 1657 uniquam
1859 1593 1938 1648 alacri

298 1675 478 1733 satisfactioni
494 1678 521 1732 iu
534 1677 708 1742 contritione.
726 1679 852 1749 supplent
864 1694 912 1748 per
926 1677 1090 1734 exteriorem
1143 1673 1244 1732 debita.
1265 1673 1333 1730 Cutn
1357 1690 1422 1747 ergo
1441 1678 1543 1733 dicitur
1557 1686 1631 1733 tauta
1655 1687 1698 1735 est
1709 1680 1839 1735 contritio
1858 1680 1937 1737 iscus
2021 1744 2025 1752 ⁸

298 1768 532 1835 satisfactionem,
549 1777 578 1824 ut
593 1785 641 1838 por
653 1772 823 1835 orationem,
840 1770 1090 1842 pereleemosyua·
1142 1772 1273 1833 (1111111111
1287 1764 1336 1819 luit
1352 1774 1494 1834 peccatum
1511 1767 1610 1835 fusium
1629 1767 1656 1823 111
1677 1779 1718 1824 111
1743 1776 1850 1825 1111111111
1873 1769 1940 1826 effe·

299 1875 359 1915 rum
373 1861 557 1931 largitionem,
573 1863 767 1934 perieJnninm
781 1872 806 1918 ει
820 1864 910 1920 carnis
925 1865 1086 1921 maceratam
1102 1844 1213 1909 lictum
1230 1854 1311 1910 habet
1325 1856 1410 1926 ipsius
1429 1858 1558 1913 contritio
1574 1869 1706 1927 quantum
1729 1858 1824 1915 habuit
1838 1875 1937 1931 pecca·

299 1970 380 2021 nem,
399 1965 427 2011 et
448 1956 613 2025 hujusmodi.
631 1956 659 2013 st
674 1959 748 2013 enim
769 1959 855 2013 sciret
870 1959 997 2014 sacerdos
1018 1958 1090 2029 quod

300 2056 373 2101 tanta
386 2057 458 2103 esset
470 2050 497 2102 iu
513 2050 665 2119 piteniteute
677 2049 805 2106 contritio
817 2053 890 2120 quod
904 2050 1041 2105 sufficeret
1056 2051 1089 2102 ad

297 2137 440 2194 delendum
457 2150 563 2195 reatum
579 2148 606 2196 et
618 2154 746 2210 pteuanr,
764 2154 818 2194 non
834 2147 907 2194 esset
921 2139 946 2192 ei
961 2152 1089 2194 necessa·

297 2232 366 2286 rium
379 2232 519 2302 injungere
531 2234 611 2288 aliam
624 2234 856 2298 satisfactionem
868 2231 915 2287 sed
927 2232 990 2301 quia
1004 2232 1091 2287 urescit

296 2333 324 2376 et
339 2323 445 2378 etiamsi
459 2324 539 2389 sciat,
554 2323 653 2378 bonum
668 2335 711 2378 est
727 2333 757 2378 ut
780 2322 914 2390 injtmgat.
931 2322 1026 2376 ilelius
1047 2330 1090 2376 est

295 2416 367 2469 enim
380 2425 411 2468 ut
424 2414 483 2485 plus
493 2413 625 2470 faciamus
638 2429 719 2484 quam
734 2414 835 2469 miuus.
851 2414 879 2467 Si
892 2415 963 2469 euim
979 2413 1091 2469 satisfa-

295 2508 349 2561 ctio
361 2521 412 2560 nun
426 2507 529 2561 inuenit
539 2521 620 2577 quam
630 2505 717 2561 deleat
728 2519 848 2576 poertam.
860 2516 900 2561 est
911 2507 946 2561 ad
957 2506 1089 2577 majorem

294 2611 432 2653 coronam.

586 2708 702 2766 CAPUT
723 2708 789 2763 l'fll.

295 2798 388 2852 Utrum
407 2799 479 2853 Deos
501 2801 634 2854 frominem
657 2803 750 2869 ptrniot
767 2817 816 2871 pro
831 2813 938 2866 perroto
949 2812 1087 2871 quantum-

359 2872 568 2939 conqueriritur
583 2871 685 2940 puniri,
699 2882 724 2924 ct
740 2873 778 2924 r'tu
794 2872 1014 2926 misericorditer.

325 2961 465 3030 Quaeritur
477 2970 568 3018 autem
584 2972 676 3017 utrum
694 2972 767 3019 tauta
784 2963 870 3034 possit
880 2976 942 3020 esse
957 2965 1087 3020 contritio

291 3053 365 3123 quud
375 3053 491 3109 sufficiat
501 3053 535 3107 ad
546 3054 691 3109 delendum
706 3064 862 3124 peecatum,
877 3065 994 3125 utroque
1005 3056 1086 3113 modo

1143 1952 1210 2009 tum,
1223 1958 1317 1999 rerum
1332 1955 1388 2011 est;
1401 1946 1472 2001 sicut
1485 1946 1557 2003 enim
1570 1956 1710 2016 peceatum
1723 1950 1862 2019 separarit
1874 1964 1936 2003 euru

1141 2047 1156 2087 a
1175 2034 1241 2101 lieo,
1263 2034 1299 2088 ita
1318 2036 1449 2092 contritio
1464 2050 1527 2090 eum
1546 2037 1708 2093 reconciliat
1724 2041 1792 2094 lieo.
1816 2040 1893 2094 Sicut
1909 2049 1937 2094 et

1142 2122 1200 2178 lucc
1220 2126 1369 2194 propositio
1386 2124 1533 2193 dupliciter
1548 2136 1637 2197 potest
1651 2128 1765 2197 intelligi
1780 2145 1788 2182 z
1806 2128 1870 2185 lloec
1885 2146 1937 2185 me·

1141 2215 1231 2270 dicire
1249 2225 1324 2272 toruo
1340 2228 1379 2273 ert
1401 2229 1530 2289 quantum
1548 2230 1586 2274 cst
1604 2231 1738 2290 apostema
1745 2239 1755 2287 ;
1768 2224 1934 2291 quantitate,

1142 2305 1239 2362 falsum
1253 2316 1309 2373 est;
1324 2310 1371 2363 sed
1388 2317 1463 2363 tanta
1481 2317 1508 2364 et
1527 2320 1631 2364 tantum
1645 2311 1725 2366 lraliet
1739 2312 1876 2380 ellectum,
1889 2331 1936 2370 re·

1141 2411 1202 2451 rum
1221 2406 1274 2453 εει.
1300 2398 1377 2454 Sicut
1401 2400 1474 2454 enim
1497 2410 1638 2470 apostema
1663 2403 1745 2474 189
1771 2403 1836 2461 fecit
1852 2406 1934 2462 istum

1140 2501 1254 2557 aegrum,
1265 2488 1303 2543 ita
1318 2498 1346 2544 et
1360 2491 1418 2546 ltrec
1431 2491 1565 2545 medicina
1578 2507 1686 2547 sanum.

1176 2578 1234 2649 (90)
1248 2578 1316 2635 Cum
1333 2582 1414 2651 igitur
1425 2593 1530 2639 constet
1551 2585 1621 2655 quod
1637 2586 1853 2644 lleusuemiuem
1882 2602 1933 2658 pn-

1140 2669 1180 2724 nit
1195 2679 1299 2727 tantum
1311 2684 1441 2742 quantum
1451 2677 1560 2742 meruit,
1571 2677 1680 2733 dubium
1690 2685 1732 2733 est
1747 2689 1837 2735 utrum
1849 2694 1932 2750 poeue

1139 2774 1240 2819 aterna
1268 2775 1371 2824 tanturn
1395 2772 1489 2840 puniat
1512 2772 1631 2843 aliquem
1661 2783 1793 2843 quantum
1819 2777 1929 2834 meruit.

1138 2855 1253 2924 Quidam
1269 2861 1342 2915 enim
1367 2862 1419 2917 lroc
1441 2862 1535 2918 dieuut
1558 2872 1586 2919 et
1609 2864 1647 2919 ita
1664 2865 1852 2936 distinguunt;
1869 2882 1931 2923 cum

1139 2947 1185 3002 ltei
1201 2948 1389 3007 misericordia
1405 2961 1432 3009 et
1448 2951 1507 3018 eius
1518 2954 1624 3023 justitia
1643 2956 1824 3013 essentialiter
1834 2958 1889 3013 siut
1900 2959 1928 3015 in

1141 3041 1269 3097 onmilrus
1280 3040 1339 3111 ejus
1352 3045 1492 3115 opertum.
1512 3055 1601 3101 tamen
1617 3047 1677 3117 ejus
1689 3048 1795 3119 justitia
1809 3059 1836 3105 ει
1846 3049 1930 3105 mise·

290 3156 318 3200 ει
337 3155 469 3214 quanqum
490 3145 525 3201 aq
551 3154 672 3212 mmm,
688 3153 716 3200 gg
748 3155 882 3215 quanqum
900 3148 933 3201 ag
953 3162 1061 3217 poenam
1075 3165 1119 3232 ‘C
1137 3134 1255 3188 ricordia
1271 3150 1324 3190 non
1344 3147 1407 3192 sunt
1424 3137 1452 3192 iu
1467 3140 1594 3195 onmilrus
1620 3141 1678 3210 ejus
1697 3144 1827 3213 operibus
1843 3159 1930 3214 quau-

290 3237 364 3307 quod
387 3236 574 3303 concedinms,
596 3237 668 3293 sicut
692 3237 806 3310 contigit
837 3240 863 3293 in
890 3239 1006 3296 latrone.
1022 3239 1080 3294 Non

290 3324 363 3380 enim
381 3324 481 3394 legitur
504 3326 575 3394 quod
591 3326 711 3394 aliquam
727 3339 836 3395 poenam
859 3340 957 3395 passus
976 3326 1080 3385 sitnisi

290 3416 482 3473 contritionem
500 3431 508 3480 ς
523 3415 651 3470 sinriliter
668 3415 696 3470 iu
720 3415 799 3471 beata
811 3414 895 3471 llario
911 3416 1080 3488 llagdsleue.

290 3508 344 3564 Sed
359 3508 393 3564 ad
409 3508 461 3563 lroe
473 3505 606 3574 objicitur
621 3524 628 3561 :
645 3506 732 3561 Tanta
750 3515 794 3561 est
812 3506 944 3564 contritio
959 3524 1019 3579 quae
1039 3519 1081 3566 est

291 3617 317 3655 ur
333 3600 396 3665 isto,
416 3607 549 3670 quantum
566 3597 617 3653 luit
633 3597 748 3653 mortale
765 3609 907 3668 peccatum
924 3599 950 3654 in
964 3614 997 3656 eo
1012 3617 1020 3655 :
1036 3601 1080 3656 illa

289 3692 422 3748 contritio
436 3703 479 3747 est
498 3704 578 3761 poena
594 3704 609 3743 a
626 3691 681 3744 ueo
701 3689 814 3744 indicta.
831 3690 901 3761 Ergo
915 3692 987 3747 licus
1006 3700 1079 3747 tanta

289 3800 370 3857 prena
386 3785 465 3856 pouit
477 3784 558 3841 istum
571 3794 673 3854 quanta
691 3783 792 3838 meruit
806 3786 907 3852 puniri.
926 3785 997 3855 Ergo
1009 3785 1080 3842 Deus

289 3881 366 3951 punit
380 3881 460 3937 istum
472 3888 604 3950 quantum
622 3881 733 3933 meruit.
748 3879 819 3951 Ergo
832 3897 885 3936 non
902 3883 955 3952 agir
969 3883 1080 3938 miseri-

287 3970 409 4028 corditer
427 3983 487 4026 eum
508 3983 551 4024 eo.
576 3968 661 4036 item,
683 3971 754 4026 sicut
777 3972 909 4027 contritio
935 3982 1011 4028 tanta
1037 3985 1081 4030 est

287 4072 419 4134 qnantum
432 4070 474 4116 εει
484 4068 637 4132 peccatum,
650 4077 740 4118 nuntie
749 4061 839 4133 aliqua
852 4066 980 4122 contritio
990 4076 1080 4138 potest

287 4168 349 4209 esse
360 4151 536 4222 maiorquarn
549 4162 690 4221 peceatum
701 4165 729 4211 et
741 4158 963 4226 superabundare
973 4160 1081 4230 potest?

288 4246 343 4303 Sed
359 4246 403 4301 illa
417 4245 549 4303 contritio
563 4260 644 4315 poeua
660 4257 704 4303 εει
719 4263 734 4302 a
752 4248 808 4305 lieo
824 4251 890 4308 lruie
908 4251 1009 4307 inflicta
1029 4267 1079 4322 pro

287 4348 410 4410 peceato.
429 4336 501 4408 Ergo
515 4336 612 4408 majori
629 4352 709 4408 pecua
722 4342 800 4410 punit
818 4341 982 4399 Deus'istum
998 4359 1078 4415 quarn

287 4436 344 4500 inse
358 4433 468 4489 meruit.
482 4432 554 4503 Ergo
568 4433 656 4504 magis
678 4434 756 4505 punit
778 4451 839 4493 eum
863 4452 944 4507 quam
968 4440 1077 4496 meruit.

285 4523 357 4593 Ergo
372 4525 444 4579 licus
459 4537 512 4577 non
527 4523 616 4580 solnm
639 4525 855 4585 misericorditer
870 4531 927 4602 agit
948 4545 1011 4588 cum
1027 4547 1074 4599 eo.
1092 4529 1115 4585 ll

286 4613 333 4666 sed
345 4620 373 4666 et
383 4613 539 4669 crudeliter.
552 4615 629 4683 Quod
641 4628 731 4674 antem
744 4619 816 4678 fleus
830 4624 968 4680 uerniuem
980 4626 1077 4695 puniat

285 4710 390 4758 tautum
404 4708 535 4773 quantum
548 4707 648 4762 meruit
661 4722 742 4778 poeua
757 4714 912 4781 temporali.
927 4716 1013 4785 probo
1024 4732 1077 4773 uno

285 4794 344 4850 solo
359 4802 522 4866 argumento
538 4813 545 4850 :
562 4795 725 4870 Quicunque
739 4812 836 4871 peccat
850 4805 1006 4861 mortaliter
1020 4824 1078 4865 me·

285 4897 361 4942 retur
376 4886 466 4956 puniri
480 4895 582 4943 aeterua
597 4904 690 4959 prena,
705 4894 753 4948 sed
770 4891 929 4964 temporalis
942 4911 1024 4966 poerra
1040 4900 1076 4954 nil

284 4987 327 5035 est
342 4988 466 5051 respectu
482 4987 609 5048 aeteruae,
623 4996 690 5053 ergo
706 4982 842 5039 neminem
856 4988 934 5054 punit
946 4986 1017 5042 fiens
1027 5003 1077 5058 pro

284 5082 398 5143 peceato
407 5071 514 5127 mortali
525 5072 666 5142 temporali
678 5088 760 5144 poena
773 5075 868 5145 maiori
881 5095 961 5149 quarn
974 5083 1076 5137 meruit

283 5166 382 5234 puniri.

318 5258 360 5314 Ad
383 5261 436 5316 lroc
457 5260 602 5317 dicendum
616 5270 659 5318 est
674 5263 746 5333 quod
761 5265 897 5322 nemiuem
911 5268 988 5338 punit
1005 5268 1074 5325 Deris

283 5360 413 5422 quantum
427 5351 526 5406 meruit
535 5351 626 5420 puniri
640 5369 689 5424 pro
700 5363 823 5423 peccato,
836 5363 863 5409 et
872 5356 991 5427 intellige
1003 5359 1074 5413 istud

281 5460 330 5515 pro
345 5442 501 5514 dupliciter,
516 5446 587 5500 sieut
597 5445 733 5514 superius,
747 5446 825 5501 idest
839 5464 889 5504 nce
899 5463 949 5517 pro
962 5463 1073 5521 peceato

282 5535 414 5601 tollendo,
431 5551 482 5591 nee
496 5537 594 5591 merito
607 5538 723 5607 peccati.
743 5536 772 5594 Si
787 5539 860 5594 enim
874 5539 972 5609 puniat
985 5541 1073 5598 homi·

281 5642 343 5684 nem
360 5643 411 5699 pro
423 5637 538 5700 peccato
551 5629 685 5698 tollendo,
698 5645 778 5701 poeua
796 5631 951 5705 temporali,
968 5643 1071 5692 certum

317 5782 373 5856 (ao)
392 5782 461 5857 stag.
481 5785 509 5855 r,
523 5785 549 5841 u.
566 5785 610 5840 to.

1137 3237 1192 3281 tum
1208 3229 1241 3282 ad
1255 3227 1392 3296 effectum,
1406 3239 1433 3286 et
1447 3246 1500 3287 nou
1518 3232 1544 3287 in
1569 3235 1696 3291 omnibus
1724 3236 1785 3304 ejus
1803 3235 1930 3306 operibus

1136 3331 1270 3390 apparent
1283 3319 1519 3391 effectusJ'ustitiae
1549 3332 1577 3380 et
1599 3327 1793 3383 misericordie
1806 3327 1881 3398 ejus;
1900 3328 1927 3382 in

1134 3414 1295 3480 qnilntsdanr
1309 3415 1383 3470 enim
1411 3415 1526 3472 urceum
1548 3425 1589 3472 est
1614 3419 1807 3474 misericordiae
1825 3429 1853 3475 et
1873 3433 1927 3475 nou

1132 3502 1257 3574 justitiae,
1273 3514 1303 3560 ut
1330 3507 1357 3560 iu
1375 3507 1496 3577 paruulis
1516 3510 1562 3578 qui
1593 3511 1683 3565 statim
1708 3511 1842 3567 decedunt
1866 3520 1928 3583 post

1136 3602 1311 3672 baptismum.
1329 3601 1357 3656 lu
1373 3603 1434 3658 aliis
1448 3612 1490 3657 est
1507 3605 1619 3660 effectus
1631 3607 1745 3675 iustitiae
1764 3617 1790 3661 ct
1811 3623 1865 3664 uon
1877 3611 1928 3663 uri·

1135 3691 1302 3757 eoncordia,
1318 3701 1349 3746 ut
1363 3693 1390 3748 io
1402 3694 1550 3760 donnicatis.
1573 3695 1600 3750 in
1614 3696 1675 3752 aliis
1688 3705 1802 3766 uterque
1813 3698 1927 3754 effectus

1134 3793 1163 3834 ut
1182 3782 1207 3835 in
1223 3783 1335 3837 sanctis.
1352 3781 1428 3840 Unde
1444 3785 1537 3840 dicunt
1557 3788 1628 3856 quod
1643 3787 1715 3843 Deus
1727 3797 1830 3842 tautum
1849 3791 1927 3858 punit

1131 3867 1228 3922 ludam
1242 3870 1313 3938 quod
1326 3885 1388 3924 eum
1401 3886 1454 3925 non
1465 3881 1555 3942 potest
1572 3877 1657 3945 magis
1669 3877 1764 3945 punire
1777 3878 1860 3948 juste.
1870 3879 1924 3935 Sed

1139 3960 1208 4016 harre
1224 3963 1477 4034 ‹priustionemquia
1498 3979 1580 4036 supra
1607 3969 1675 4025 satis
1701 3973 1735 4024 ad
1760 3965 1924 4027 euidentiam

1135 4053 1326 4121 tractauimus,
1343 4063 1403 4109 acta
1418 4055 1540 4113 linientes
1557 4074 1647 4130 agere,
1665 4062 1763 4116 adalia
1780 4079 1925 4132 quaecom·

1132 4141 1212 4197 mode
1226 4143 1269 4198 lric
1284 4159 1313 4199 se
1326 4145 1464 4214 ingerunt,
1486 4156 1665 4206 transcamus.
1689 4153 1757 4209 dnn
1771 4154 1844 4209 enim
1858 4170 1925 4211 con·

1132 4244 1209 4290 stans
1224 4236 1260 4290 sit
1280 4238 1352 4306 qnod
1377 4236 1447 4293 deus
1471 4239 1548 4309 punit
1574 4241 1713 4298 hominem
1729 4246 1819 4301 nrinus
1842 4262 1922 4316 quam

1132 4329 1233 4384 meruit
1246 4330 1347 4399 puniri,
1361 4339 1389 4385 ct
1415 4346 1553 4402 nurrquaut
1579 4336 1677 4405 magis.
1701 4336 1729 4392 in
1756 4339 1922 4396 corronium

1131 4426 1265 4474 conuutur
1277 4419 1399 4490 quidam.

1436 4534 1551 4592 CAPUT
1569 4536 1615 4592 tlt.

1130 4621 1170 4676 Art
1186 4624 1300 4678 duorum
1315 4629 1361 4696 qui
1375 4628 1523 4694 puniuntur
1535 4631 1595 4698 pari
1605 4647 1682 4698 prauo
1694 4641 1805 4698 reterre,
1815 4641 1840 4686 et
1853 4649 1921 4702 prte-

1147 4703 1218 4748 tcuec
1231 4694 1317 4749 alteru
1336 4699 1489 4765 temporali,
1509 4700 1570 4764 oltra
1581 4702 1709 4767 partietur
1725 4717 1794 4754 cerrus
1805 4704 1901 4757 altero.

1165 4786 1223 4841 Sint
1240 4786 1294 4843 duro
1309 4789 1485 4858 paritermali
1496 4793 1542 4859 qui
1557 4791 1688 4860 puniendi
1703 4793 1758 4846 sint
1771 4793 1920 4863 paripccua

1129 4889 1246 4945 esterna.
1260 4893 1288 4937 et
1302 4883 1372 4939 altor
1387 4898 1483 4939 eornm
1498 4885 1682 4952 suspenditur,
1705 4886 1775 4943 aiter
1800 4889 1919 4944 naturali

1130 4982 1220 5026 mor-te
1245 4975 1371 5041 moritur,
1397 4975 1442 5029 isti
1465 4986 1623 5033 meruerunt
1641 4979 1731 5048 puniri
1756 4981 1815 5051 pari
1838 4996 1919 5052 piena

1127 5073 1243 5125 aeterna.
1259 5075 1285 5117 ct
1301 5081 1332 5120 ea
1356 5067 1513 5136 punientur.
1536 5068 1671 5127 Praeterea
1699 5072 1770 5128 alter
1790 5073 1918 5143 punietur

1127 5168 1207 5223 pcena
1222 5158 1363 5226 ternporali
1376 5175 1429 5215 non
1446 5161 1546 5219 socius.
1557 5162 1629 5235 Ergo
1644 5167 1696 5221 iste
1707 5168 1795 5237 magis
1806 5169 1918 5236 punitur

1127 5261 1208 5317 quam
1222 5249 1277 5306 ille.
1294 5251 1347 5306 Sed
1362 5267 1415 5309 non
1435 5258 1535 5311 meruit
1550 5260 1637 5329 magis
1652 5258 1741 5327 puniri
1756 5273 1837 5326 quam
1849 5258 1914 5323 ille;

1126 5354 1193 5410 ergo
1215 5341 1265 5397 iste
1278 5344 1365 5415 magis
1377 5347 1488 5416 prrnitur
1502 5363 1584 5418 quam
1600 5349 1700 5401 meruit
1721 5349 1820 5417 puniri.
1838 5350 1914 5418 item,

1125 5433 1147 5487 si
1163 5445 1276 5505 uterque
1289 5449 1362 5492 esset
1376 5440 1527 5508 puniendus
1540 5448 1646 5495 tantum
1663 5442 1802 5509 temporali
1822 5455 1913 5510 prena,

1125 5533 1154 5581 ut
1168 5525 1192 5580 si
1206 5537 1320 5599 uterque
1347 5531 1493 5586 coemisset
1519 5531 1610 5600 puniri
1634 5533 1791 5601 suspendio,
1818 5543 1846 5588 et
1864 5534 1915 5590 iste

1124 5628 1224 5688 praeter
1239 5621 1430 5693 illampoenanr
1443 5637 1524 5692 quam
1539 5623 1657 5692 meruit,
1674 5625 1753 5681 aliam
1769 5635 1915 5696 cogeretur
