4425 6450
719 347 915 409 SlelONES.
934 381 969 394 -
987 350 1095 407 asum.
1113 349 1179 409 l’lll.
1206 350 1242 407 td
1259 350 1387 408 datast
1404 349 1534 410 boten.
1891 350 1929 407 N

587 464 705 527 senato
726 470 791 525 l'lll.

562 578 589 619 nt
602 578 700 617 strata
717 578 820 618 bostat.

328 651 539 708 Verdrrnt'caro
566 653 666 722 {uotum
695 662 732 709 ert
755 661 780 707 et
804 652 931 708 ltubiteeit
954 653 981 708 in
1010 654 1084 709 aelia

285 744 431 819 (dormtl.

324 835 399 892 Satis
415 845 459 891 est
482 850 533 906 pro
558 835 671 892 materia
695 837 855 909 gaudiorum
872 836 944 910 qarod
963 835 1086 893 coelestls

284 926 1085 1002 nrgtsnntcnsttttus,trodternaute,rtestnuPatrtsegrea·

284 1035 350 1087 sus,
367 1020 454 1077 lromo
472 1021 560 1077 lactus
575 1022 649 1077 uertit
671 1024 697 1078 in
724 1023 943 1097 lamentandum
962 1037 1085 1096 quarere

284 1124 315 1170 et
328 1114 438 1171 salmom
455 1113 547 1172 lucere
560 1117 636 1187 qrrod
648 1115 768 1188 perierat
785 1128 833 1174 :et
847 1120 919 1188 quod
933 1120 1082 1175 lrrrrnannm

284 1208 423 1282 geausde
436 1210 545 1265 meritis
563 1208 621 1264 suis
639 1210 710 1279 apud
728 1210 815 1266 Deum
831 1211 953 1266 inuenire
966 1226 1019 1266 nun
1037 1228 1084 1282 po·

286 1300 354 1366 tuit,
371 1298 415 1354 ille
430 1300 482 1355 boc
507 1298 534 1353 in
551 1300 682 1355 thesauro
705 1298 873 1355 indelleienti
889 1302 1084 1358 misericordiae

286 1388 511 1445 erraclementer
536 1388 651 1445 inuenit.
667 1390 737 1445 llere
760 1390 795 1445 ad
816 1388 1020 1446 reformandam
1036 1409 1084 1463 pa-

285 1495 348 1536 cem
358 1481 430 1535 inter
439 1480 522 1534 Deum
534 1488 562 1535 et
575 1480 711 1536 ltonrinem
723 1479 936 1537 etntsrnstesns
950 1484 1085 1538 mediator

286 1574 414 1638 ldonens,
426 1572 471 1641 qui
486 1571 606 1626 diuinam
619 1582 745 1629 natrrram
762 1585 789 1630 et
800 1576 945 1630 lruuranam
962 1576 988 1629 in
1002 1591 1082 1630 unam

285 1678 437 1735 perseniam
453 1664 575 1730 socians,
593 1672 723 1731 tatrquanr
744 1664 814 1719 iuter
828 1666 881 1719 dno
896 1676 1018 1721 extrema
1031 1666 1083 1721 sibi

288 1755 481 1817 ailrersantia,
495 1755 614 1811 medium
638 1773 668 1812 se
684 1757 858 1828 interposuit,
876 1761 901 1814 iu
918 1775 973 1830 ouu
995 1761 1084 1816 rnedio

1139 468 1192 538 ιιι).
1204 464 1307 523 Omnes
1327 464 1444 535 denique
1459 462 1520 519 run
1547 460 1594 517 bel
1611 461 1743 518 bodiema
1759 462 1802 518 dle
1815 473 1930 521 carratae

1138 562 1193 618 hoc
1207 562 1358 625 cauticum,
1372 559 1420 629 ptri
1444 558 1603 629 spiritaliter
1624 557 1745 628 gaudent
1766 558 1801 613 dc
1823 557 1928 614 Clariati

1137 654 1288 710 nativitate.
1311 652 1378 706 Nam
1402 654 1447 721 qni
1463 652 1583 722 gaudent
1607 648 1698 719 inepta
1720 648 1817 704 laeticia
1835 650 1928 706 mundi

1137 744 1228 813 lnrjus,
1248 753 1341 814 utpote
1364 743 1398 797 de
1413 742 1596 812 uolrtptatibns
1619 736 1722 804 earnis,
1738 739 1772 793 de
1792 754 1929 798 conmuca-

1136 836 1300 901 sationibus,
1318 836 1352 890 tle
1365 834 1436 889 tastu
1449 843 1475 889 ct
1487 834 1615 903 superbia
1632 833 1694 887 uitae
1709 832 1801 903 liujus,
1817 842 1931 888 cantant

1135 940 1215 985 setus
1236 929 1384 993 earttictnn,
1399 943 1451 981 noc
1470 941 1567 980 annun
1579 966 1586 990 ,
1598 926 1624 979 in
1643 940 1698 995 uuo
1721 939 1774 979 non
1791 924 1862 980 Filio
1879 926 1928 980 bet

1139 1029 1216 1084 natu,
1231 1020 1280 1074 scd
1304 1018 1416 1073 inimico
1433 1016 1543 1071 trurttani
1568 1016 1677 1086 generis
1693 1013 1852 1085 obsequium
1868 1029 1932 1087 per·

1135 1115 1251 1173 solvunt.

1172 1205 1227 1259 lluc
1241 1203 1324 1274 igitur
1338 1202 1457 1259 tortum
1480 1198 1513 1255 de
1534 1212 1589 1268 quo
1606 1196 1726 1254 diximus
1746 1209 1810 1252 caru
1829 1196 1933 1254 laetum

1135 1304 1187 1352 est.
1205 1294 1319 1350 Narniae
1334 1294 1436 1359 earnis,
1454 1307 1507 1347 rron
1522 1288 1611 1345 solum
1636 1290 1717 1344 honre
1738 1289 1786 1342 sed
1801 1287 1933 1345 inllrmus

1136 1390 1219 1444 bomo
1258 1387 1451 1456 siguitleatur,
1489 1384 1595 1439 ratione
1628 1379 1825 1438 similitudinis.
1859 1379 1932 1437 earo

1136 1482 1209 1534 euim
1236 1493 1281 1532 res
1307 1477 1412 1547 fragilis
1429 1486 1489 1539 est,
1505 1476 1538 1529 de
1561 1473 1634 1530 lucili
1659 1471 1804 1543 strbjaceus
1832 1487 1931 1527 curru-s

1137 1572 1221 1644 ptioui
1235 1612 1243 1637 ,
1259 1582 1352 1640 utpote
1367 1586 1427 1640 ottae
1453 1571 1532 1626 urodo
1556 1569 1698 1634 inciditur„
1716 1569 1798 1623 titudo
1822 1581 1932 1623 crema·

1139 1671 1194 1728 tur,
1221 1664 1301 1718 niodo
1329 1664 1466 1726 atteritur,
1493 1664 1534 1718 uel
1564 1676 1728 1731 quascunque
1757 1660 1810 1714 alia
1836 1658 1933 1715 delicit

1136 1755 1270 1823 passione.
1292 1754 1339 1811 Sic
1365 1764 1393 1809 ct
1416 1754 1534 1811 Verbum
1563 1754 1708 1816 buscano,
1731 1752 1757 1807 id
1784 1760 1826 1808 est
1849 1752 1932 1807 boote

287 1848 355 1901 dum
382 1848 439 1916 ipsa
466 1858 601 1913 extrema,
624 1849 750 1904 uidelicet
777 1850 847 1905 betas
872 1861 898 1906 et
923 1852 1015 1919 borno,
1035 1869 1085 1922 per
1100 1858 1122 1913 n
1138 1846 1272 1909 instratus,
1298 1847 1401 1901 sectum
1425 1855 1471 1902 est
1491 1846 1590 1911 nubis,
1618 1843 1735 1900 infirmis
1758 1840 1931 1905 consimilis,

287 1940 419 1992 sartionem
432 1941 607 1995 concorditer
630 1952 827 2006 eotrvenerunt,
847 1943 916 1996 licus
932 1941 1012 1998 Pater
1030 1946 1083 1999 bu-

288 2048 376 2087 tuaoo
394 2033 487 2103 generi
512 2032 590 2101 quasi
615 2033 751 2101 quudtlam
777 2035 1006 2090 reconciliationis
1020 2051 1083 2105 por·

289 2125 365 2181 rexit
377 2125 512 2180 osctrluru.
525 2122 593 2179 llam
607 2135 635 2177 ut
651 2125 795 2194 luqrranntr
804 2124 882 2194 juxta
905 2143 994 2182 rerutn
1007 2127 1084 2183 simi·

286 2214 432 2285 littnliues,
448 2218 562 2273 verbum
576 2217 622 2272 liei
642 2233 674 2271 os
689 2217 779 2274 Patris
795 2226 847 2281 est,
864 2219 894 2274 in
906 2235 961 2290 qrro
976 2221 1083 2276 locutus

287 2316 333 2363 est
346 2308 466 2363 muodo:
484 2309 566 2365 borno
581 2318 748 2378 assumptus,
763 2320 848 2365 esest
867 2312 979 2366 lruruanl
997 2327 1082 2382 gene·

290 2402 342 2465 ris,
355 2403 401 2471 qni
415 2402 563 2457 secundum
579 2412 704 2457 naturam
721 2404 866 2459 {numanam
878 2406 1027 2461 advocatus
1042 2412 1086 2461 est

291 2492 426 2558 bortrinis,
442 2500 471 2546 et
490 2493 647 2562 interpellat
666 2508 715 2563 pro
731 2496 819 2550 nobis.
837 2494 874 2551 Os
886 2510 950 2564 ergo
962 2498 1003 2551 orl
1019 2512 1085 2553 eun·

287 2587 426 2657 torgitur,
445 2596 473 2639 et
483 2584 600 2640 efficitur
613 2586 735 2640 osculum
751 2604 759 2641 e
774 2587 837 2656 qula
854 2597 953 2643 natura·
964 2587 1084 2644 humana

290 2678 376 2731 serbo
395 2677 575 2745 personaliter
596 2676 700 2743 unitur,
716 2687 743 2734 et
765 2687 970 2734 eonsununatur
993 2679 1085 2735 lucar·

290 2764 415 2819 nationis
446 2764 616 2836 nrpsterium.
647 2763 763 2836 Propter
791 2769 861 2823 banc
892 2768 1084 2825 mediationem

288 2857 372 2912 etiam
390 2856 476 2911 Filius
491 2856 537 2912 bet
554 2869 628 2916 recte
638 2860 756 2915 Verbum
776 2860 927 2931 appellatus
940 2870 982 2917 est
998 2878 1005 2916 ι
1022 2863 1085 2930 qnia

289 2948 365 3005 sicet
380 2948 408 3003 iu
425 2951 508 3003 reims
520 2950 648 3019 gerendis
658 2960 686 3005 et
702 2951 831 3006 incensis
844 2951 1007 3007 diffiniendis
1021 2967 1084 3007 vcr-

290 3042 357 3096 bum
373 3042 523 3095 lrrtmanum
536 3041 694 3097 intercurrit
709 3042 839 3106 aredium,
853 3043 892 3097 sie
906 3044 933 3097 in
944 3058 1026 3100 eausa
1037 3044 1084 3100 Dei

287 3142 318 3189 et
340 3133 457 3189 bortrinis
477 3134 524 3189 llei
548 3133 633 3189 Filius
647 3134 782 3189 irradiatur
800 3134 850 3189 init
865 3150 872 3188 :
889 3137 964 3206 quia,
989 3139 1085 3194 solutis

288 3226 452 3293 luirnicitiis,
462 3226 546 3282 Deum
556 3226 662 3283 Patrem
676 3238 702 3283 et
718 3227 852 3283 bominem
866 3229 900 3283 ad
911 3231 1084 3288 concordiam

288 3309 474 3378 reduxitllel
490 3323 542 3378 alia
557 3324 663 3379 ratione
677 3321 696 3378 F
699 3323 761 3380 ilius
772 3326 817 3379 Dei
829 3323 948 3381 Verbum
962 3327 1084 3399 appella·

290 3422 336 3470 tus
358 3424 410 3470 est.
425 3415 543 3471 Verbum
558 3420 631 3472 enim
647 3417 675 3472 in
692 3431 742 3473 sua
761 3428 860 3474 natura
877 3434 932 3475 noa
953 3421 1024 3488 risu,
1037 3423 1085 3478 scd

288 3507 385 3562 auditu
399 3507 560 3580 percipitur.

327 3598 475 3656 Videamus
498 3615 564 3672 ergo
578 3603 695 3673 qtraliter
714 3603 830 3661 Verbum
856 3605 927 3661 istud
952 3603 1084 3676 multipli-

289 3690 363 3747 citer
376 3692 488 3760 corruit,
503 3703 531 3749 et
544 3709 593 3765 per
608 3696 731 3752 auditum
756 3714 842 3769 usquc
859 3700 894 3753 ad
916 3716 966 3756 eor
987 3701 1084 3755 bunta-

289 3798 360 3838 num
374 3786 512 3856 ponenti.
528 3785 627 3842 Sonuit
647 3791 719 3844 eninr
745 3793 907 3862 quandoque
929 3794 955 3848 in
976 3803 1084 3851 secreti

290 3874 417 3931 susurrio
434 3873 461 3929 in
475 3876 611 3932 urentibus
624 3879 735 3934 Petrum
748 3896 797 3948 per
811 3884 959 3953 spiritalem
977 3885 1083 3939 revela·

291 3967 410 4034 tionem,
425 3969 526 4038 utribus
539 3971 701 4041 mysterium
718 3973 914 4030 incarnationis
925 3972 1025 4032 cinisii
1041 3992 1084 4031 rc·

290 4058 412 4112 relatum
428 4068 480 4122 est,
498 4062 570 4131 qrrod
587 4065 678 4117 caetori
694 4065 819 4120 carnales
841 4067 934 4122 arnlire
959 4082 1013 4123 nun
1033 4083 1084 4137 pu·

291 4158 414 4207 tuerent.
427 4150 528 4209 Sonuit
542 4154 653 4210 uerbum
670 4156 740 4212 istud
762 4159 925 4229 errarndoque
939 4161 965 4214 iu
985 4158 1083 4229 jubilo,

290 4255 388 4314 utpote
399 4246 426 4302 iu
443 4245 498 4302 illis
512 4248 643 4318 angelicis
657 4250 809 4319 spiritibus,
820 4252 866 4320 quil
880 4255 915 4306 ab
928 4254 1006 4307 initio
1017 4268 1084 4319 gau·

290 4337 338 4391 tlio
361 4337 534 4394 inenarrabili
561 4340 587 4394 in
612 4337 700 4397 Verbo
721 4343 767 4399 Dei
793 4344 993 4399 exultaverunt.
1015 4343 1082 4399 Nam

259 4498 262 4502 Δ
290 4437 318 4482 et
330 4427 434 4496 jubilus
449 4445 534 4487 sortus
552 4443 595 4488 est
610 4434 740 4504 spiritalis
752 4435 874 4499 leticie,
888 4438 934 4506 qrri
951 4453 1007 4508 prae
1023 4455 1082 4493 ma·

1138 1938 1212 2007 orrod
1237 1936 1358 1991 sormam
1382 1947 1482 1991 nostrae
1504 1936 1661 2007 fragilitatis
1689 1935 1850 2005 assumpsit.
1872 1933 1930 1990 Nec

1135 2028 1216 2083 aliam
1245 2027 1362 2083 lornrant
1387 2028 1503 2085 decebat
1530 2044 1592 2084 euru
1620 2042 1761 2083 assumere
1781 2045 1790 2083 a
1807 2026 1871 2097 «pria
1896 2026 1930 2080 ad

1135 2118 1299 2174 visitandum
1329 2117 1455 2174 iulrrmos
1485 2118 1512 2173 in
1545 2119 1617 2174 lrrtnc
1642 2119 1773 2172 mundum
1807 2125 1932 2170 reiterat.

1136 2210 1463 2281 Sicetperitusrnedicns
1491 2210 1537 2282 qui
1557 2211 1597 2278 ad,
1620 2211 1785 2265 risitandum
1798 2216 1930 2279 argrutnnt

1135 2304 1297 2374 ingreditur,
1314 2303 1429 2357 lortnarn
1445 2302 1561 2358 assumit
1586 2302 1777 2371 compatientis
1803 2312 1833 2356 ut
1858 2316 1932 2368 aeger

1136 2396 1283 2450 relevetur.
1300 2394 1367 2449 Nam
1384 2396 1407 2449 sl
1422 2410 1483 2449 cum
1497 2397 1566 2459 risu,
1581 2409 1643 2450 cnm
1666 2394 1762 2465 plausu
1787 2407 1931 2455 tttauutttn,

1135 2503 1196 2544 curra
1211 2489 1301 2558 inepta
1320 2487 1418 2543 leticia
1444 2488 1478 2541 ad
1504 2486 1645 2541 infirmum
1673 2485 1854 2554 ingrediatur,
1876 2499 1931 2540 non

1141 2592 1222 2639 curat
1236 2598 1299 2639 eum
1313 2583 1360 2638 sed
1372 2592 1513 2651 aggravat.
1534 2581 1594 2634 Alia
1609 2580 1691 2635 etiam
1705 2580 1811 2634 ratione
1825 2580 1861 2634 ad
1880 2580 1932 2637 ltu·

1136 2675 1236 2730 atinent
1249 2673 1407 2743 languidum
1423 2673 1508 2736 uenit,
1525 2670 1647 2741 tnagisin
1662 2670 1750 2725 lurrna
1762 2671 1933 2740 earrnpatien·

1136 2769 1172 2823 tis
1182 2781 1264 2836 quant
1279 2766 1304 2819 in
1321 2765 1409 2820 forma
1427 2763 1588 2832 nrajcstatis.
1606 2762 1704 2818 Forma
1718 2761 1854 2833 siquidem
1869 2779 1930 2817 rua-

1133 2858 1242 2928 jcstatis
1256 2858 1388 2913 terribilis
1401 2866 1456 2921 est,
1471 2867 1499 2912 et
1515 2858 1625 2926 sigrnnn
1642 2856 1785 2927 exigendae
1806 2856 1930 2912 ultionis.

1136 2949 1236 3006 Forma
1254 2964 1319 3004 sero
1334 2948 1495 3004 lrumilitatis
1516 2948 1624 3017 siguum
1639 2956 1681 3001 cst
1692 2948 1743 3015 piae
1757 2948 1931 3015 compassio·

1136 3043 1188 3098 nis.
1202 3043 1255 3097 Sed
1270 3042 1425 3112 compassio
1442 3043 1476 3097 de
1493 3044 1567 3097 lontc
1579 3040 1776 3097 misericordiae
1787 3040 1835 3096 bei
1851 3051 1932 3095 aaut·

1138 3135 1234 3190 taliter
1251 3136 1376 3206 procedit
1389 3153 1397 3190 a
1411 3135 1479 3189 ultiu
1494 3150 1558 3189 reru
1570 3135 1603 3188 tle
1614 3132 1720 3201 justitia
1738 3132 1786 3188 liei
1799 3143 1930 3203 tanquam

1137 3246 1152 3285 a
1168 3240 1271 3286 remoto
1286 3229 1422 3300 prouenit.
1438 3229 1470 3285 Et
1487 3229 1548 3283 ideo
1561 3227 1647 3282 Filius
1660 3233 1706 3296 qut
1723 3241 1777 3280 uon
1794 3226 1829 3280 ad
1849 3241 1931 3284 eaer-

1137 3323 1252 3380 cendum
1267 3323 1428 3387 uindictam,
1445 3322 1491 3377 sed
1507 3322 1542 3376 ad
1555 3319 1738 3376 ealribcndarn
1761 3319 1930 3392 eonrpassim

1136 3432 1198 3474 nem
1221 3417 1350 3472 incarne
1374 3416 1516 3488 apparuit,
1544 3415 1631 3487 stragis
1658 3414 1773 3469 formant
1799 3414 1930 3471 bntuilem

1135 3524 1217 3579 qrrarn
1231 3508 1380 3565 terribilem
1404 3509 1483 3565 nobis
1510 3507 1595 3563 soluit
1622 3506 1766 3562 exbibcra.
1789 3504 1932 3574 Cognosce

1134 3602 1272 3674 persimile
1287 3600 1359 3672 quod
1373 3603 1491 3658 diximus
1505 3619 1512 3655 :
1525 3609 1614 3655 trrater
1629 3598 1711 3659 mutio
1732 3598 1818 3654 laetat
1833 3606 1861 3652 ct
1880 3613 1932 3651 trra-

1136 3693 1184 3750 trit
1196 3703 1224 3749 et
1238 3693 1314 3749 lutet
1330 3693 1416 3749 salium
1436 3709 1527 3761 suum,
1546 3694 1627 3749 morlo
1650 3690 1766 3762 llagcllat
1788 3697 1817 3745 et
1839 3690 1930 3744 incre·

1135 3800 1181 3860 pat
1193 3790 1322 3855 etrudcm,
1339 3791 1426 3861 magis
1443 3800 1534 3845 tamen
1545 3789 1579 3844 de
1591 3790 1692 3859 pietate
1703 3786 1820 3841 materni
1838 3793 1933 3854 pecte·

1135 3883 1173 3938 ris
1192 3883 1316 3953 procedit
1337 3883 1445 3937 rnnrire
1461 3890 1489 3937 et
1502 3896 1627 3951 pascere,
1649 3894 1731 3948 quarn
1748 3877 1887 3947 flagellare
1902 3886 1931 3931 et

1135 3976 1289 4042 inerepare.
1313 3973 1370 4029 lluc
1394 3972 1468 4028 euim
1490 3971 1607 4027 naturali
1630 3971 1731 4040 pietate
1745 3968 1821 4035 lacit,
1835 3969 1932 4026 illudat

1134 4064 1191 4120 stlio
1204 4074 1363 4135 provocata.
1390 4064 1437 4120 Sic
1458 4073 1487 4119 et
1511 4063 1531 4118 F
1536 4064 1599 4118 ilius
1613 4061 1660 4118 llei
1675 4061 1838 4121 naturaliter
1852 4062 1931 4116 nobis

1133 4161 1245 4217 esitibet
1268 4162 1415 4232 pietatem,
1436 4170 1601 4231 provocatus
1626 4175 1677 4229 per
1703 4159 1809 4215 seelera
1834 4168 1929 4214 nostra

1133 4255 1216 4311 iniert
1227 4255 1368 4312 ultionem.
1394 4255 1471 4313 Unde
1490 4257 1515 4311 iu
1534 4257 1601 4312 isaia
1618 4271 1680 4311 curn
1695 4255 1804 4325 planctu
1820 4255 1885 4310 dicit
1901 4271 1931 4311 sa

1133 4348 1290 4403 criminosis
1302 4349 1460 4403 bominibus
1475 4347 1614 4402 illaturum
1635 4347 1781 4412 ultionem,
1799 4343 1844 4399 ttbi
1862 4346 1925 4400 ait:

1135 4438 1192 4494 lien
1221 4442 1383 4497 consolabor
1409 4442 1444 4498 de
1466 4441 1594 4498 lrostibns
1621 4441 1700 4508 meis,
1716 4440 1878 4496 rirnlicabor
1897 4442 1930 4497 titt

290 4519 434 4589 guitudiue
448 4523 539 4581 terlris
551 4526 681 4595 explicari
705 4545 756 4584 nun
779 4538 876 4599 potest.
894 4528 972 4585 Unde
991 4531 1080 4585 barini·
1096 4546 1119 4600 p
1134 4534 1251 4590 inimicis
1264 4535 1342 4590 tucis.
1360 4535 1429 4607 (iso.
1447 4537 1479 4606 ι.)

291 4629 346 4670 ntra
360 4614 387 4669 ln
404 4615 454 4673 lob
468 4636 475 4673 a
491 4616 542 4675 Ubi
564 4636 636 4684 cras,
652 4623 750 4692 inquit,
767 4639 828 4679 cum
848 4639 891 4678 nte
913 4640 1007 4680 ornnes
1036 4627 1082 4681 lllii

292 4705 342 4762 bet
365 4708 518 4776 laudarent,
533 4720 562 4768 et
580 4710 728 4780 jubilarent
749 4724 822 4770 astra
846 4716 998 4771 matutina?
1017 4718 1083 4781 [lob

292 4803 421 4871 xsxrur.)
437 4801 522 4859 Sonat
536 4806 666 4862 hodierna
683 4809 727 4864 die
743 4809 770 4864 in
786 4811 903 4867 cantico.
915 4826 976 4865 enan
989 4820 1084 4865 sancta

292 4893 415 4953 Ecclesia
432 4897 537 4953 exultat
560 4908 587 4954 ot
610 4911 704 4957 cantat
729 4903 852 4970 spiritale
878 4905 1032 4968 canticum,
1051 4904 1085 4956 de

291 4989 470 5060 generatione
479 4988 558 5045 Verbi
576 4991 621 5045 bet
639 5008 691 5046 non
705 4993 792 5048 solum
807 5003 921 5057 aeterna,
934 4993 982 5048 sed
999 4994 1084 5048 etiam

294 5084 451 5153 temporali.
468 5084 608 5156 Siquidem
620 5087 654 5142 de
665 5078 766 5141 :eterna
778 5086 837 5156 eiras
854 5089 1031 5157 generatione
1046 5091 1085 5144 ιι-

292 5175 366 5243 giliis
382 5177 524 5231 nocturnis
540 5178 677 5232 canticum
695 5176 825 5234 Ecclesiae
846 5179 1000 5235 andivimus
1022 5195 1084 5236 cum

293 5267 429 5336 psallebat
446 5286 452 5321 :
474 5268 603 5323 llominus
617 5270 686 5325 dixit
702 5271 736 5324 ad
753 5286 807 5336 nte,
821 5270 909 5325 Filius
921 5285 998 5325 arcus
1011 5287 1040 5327 es
1058 5283 1085 5326 tu

292 5357 382 5428 (Paul.
402 5360 445 5429 ιι).
461 5359 495 5414 Ει
509 5362 574 5417 alibi
592 5376 600 5414 a
617 5360 718 5417 Tecum
740 5363 902 5433 principium
920 5362 947 5419 in
968 5365 1013 5420 die
1030 5365 1086 5419 uir·

294 5454 362 5508 tutis
377 5461 430 5509 tuae
444 5455 470 5509 ln
479 5454 668 5526 splendoribus
677 5464 834 5512 sauctorum
850 5455 936 5524 (Prot.
951 5458 1019 5528 cta).
1039 5456 1083 5513 Si·

294 5544 399 5601 militer
423 5556 453 5602 et
475 5548 509 5601 do
535 5547 654 5603 hrrrnana
676 5549 736 5616 ejus
755 5551 932 5618 generatione
950 5552 1085 5607 canticum

294 5636 448 5694 audivimus
458 5639 586 5713 Ecclesiae
597 5641 713 5698 dicentis
729 5659 735 5695 :
753 5641 824 5697 Puer
845 5651 978 5699 natusest
997 5644 1084 5713 nobis,

294 5734 324 5780 et
336 5727 408 5782 lilius
424 5730 503 5786 dutus
523 5740 564 5786 est
591 5734 667 5789 uobis
683 5734 814 5802 (lamuel.
828 5734 861 5789 Et
880 5735 917 5790 ibi
931 5754 938 5790 a
954 5735 1086 5806 bpparult

295 5817 451 5893 benigrdras
465 5833 491 5878 ct
506 5823 661 5881 hnmanitas
679 5825 831 5885 saluatoris
846 5830 930 5886 nostri
951 5829 996 5886 [tei
1020 5829 1084 5902 (Tit.

1173 4625 1279 4681 Dicitur
1291 4629 1375 4682 etiam
1392 4627 1511 4683 Verbum
1521 4643 1585 4684 caro
1601 4626 1786 4697 lactarunquia
1803 4632 1890 4684 nutrit
1903 4640 1932 4686 et

1136 4718 1225 4785 pascit
1245 4719 1401 4774 ltutnauitas
1413 4720 1514 4776 Cln·is¹.l
1535 4723 1570 4775 ad
1586 4720 1795 4775 similitudinem
1810 4724 1904 4778 earnis
1921 4739 1928 4776 a

1136 4821 1163 4866 ct
1179 4820 1242 4866 strat
1254 4827 1361 4868 marsus
1373 4814 1482 4882 atridam
1494 4814 1574 4868 istius
1590 4814 1682 4869 carnis
1694 4817 1849 4885 conceptio,
1860 4818 1931 4871 nati·

1137 4903 1220 4965 titas,
1234 4904 1336 4972 passio,
1353 4904 1518 4960 resurrectio
1532 4916 1560 4960 ct
1571 4905 1708 4968 ascensio,
1720 4907 1822 4975 ortibus
1838 4907 1931 4963 antima

1137 4997 1299 5066 spiritaliter
1311 5000 1442 5068 pascitur,
1457 4999 1521 5053 dum
1538 5000 1606 5054 lidos
1621 4999 1775 5056 natiuitatis
1796 4998 1932 5068 passionis
1948 5000 1950 5005 '

1138 5098 1165 5145 et
1176 5099 1349 5152 caeterorum,
1362 5105 1423 5159 quae
1445 5090 1577 5153 diximus,
1595 5101 1686 5147 urente
1713 5097 1859 5149 retinetur.
1874 5088 1930 5145 lsta

1137 5194 1212 5242 earo,
1224 5179 1352 5235 uidelicet
1373 5182 1529 5237 lrunranitas
1549 5182 1664 5251 Christi,
1681 5182 1745 5239 doru
1765 5183 1931 5253 spiritaliter

1136 5273 1300 5339 comeditur,
1312 5275 1436 5329 carnium
1460 5277 1560 5332 diversi
1583 5276 1691 5348 generis
1708 5278 1788 5332 nubis
1802 5291 1930 5354 saporem

1137 5374 1165 5420 et
1180 5381 1256 5421 esum
1271 5368 1425 5436 praetendit.
1441 5367 1470 5423 Si
1483 5369 1599 5424 eniruatl
1614 5368 1930 5425 similitudincntclnisti

1138 5457 1298 5515 innocenter
1310 5469 1337 5514 et
1355 5471 1495 5518 nransnete
1514 5462 1688 5517 conversaris
1707 5461 1779 5516 inter
1792 5460 1929 5528 lromiues,

1137 5565 1236 5606 carnes
1247 5552 1316 5621 Agni
1328 5556 1481 5610 comedisti.
1496 5556 1524 5611 Si
1541 5557 1568 5609 iu
1587 5553 1745 5623 praelatione
1763 5557 1931 5611 constitutus

1137 5642 1171 5698 ad
1194 5643 1296 5700 Christi
1322 5647 1527 5703 similitudinem
1547 5647 1631 5701 babes
1652 5645 1809 5717 diligentem
1834 5663 1928 5703 curam

1137 5738 1291 5810 gregistui,
1304 5741 1435 5810 spiritalia
1455 5751 1484 5795 et
1509 5741 1671 5811 temporalia
1692 5742 1852 5801 sulieitceis
1873 5744 1928 5799 lar·

1130 5830 1224 5901 giem,
1242 5846 1340 5886 carries
1353 5834 1448 5886 arietis
1463 5835 1617 5893 eorrtorlieti.
1643 5835 1672 5890 Si
1691 5835 1804 5912 ittjtrtias
1827 5844 1854 5888 et
1881 5835 1928 5892 tri·
