4425 6450
279 429 283 435 .
308 384 363 440 iss

1035 402 1203 462 usuratu.

1876 395 1939 483 'rat

306 501 394 555 lactari
420 502 537 572 poterit,
562 485 627 561 nce*
638 488 673 563 in*
685 523 751 580 paee
773 511 885 570 tlirtritti.
913 513 1031 573 Necesse
1054 526 1097 575 εει
1110 528 1134 585 Α
1149 518 1193 585 lis,
1210 520 1250 577 sic
1263 522 1378 593 impedit
1391 522 1512 592 ejusdem
1526 524 1641 582 tumoris
1652 519 1781 599 obiectio,
1799 546 1834 588 ne
1846 533 1941 596 luceru

305 608 383 662 ergo,
402 606 431 650 ut
444 596 589 664 purificata
613 610 707 658 mente
731 617 792 659 ctam
808 606 939 662 virtutum
963 611 1097 679 operibus

304 686 450 743 obviemus
477 688 669 758 [dominabus
699 695 779 752 modo
806 697 917 755 interim
938 702 1097 774 llypapants

304 775 423 833 bomine
444 778 627 839 celebrantes.
651 782 748 841 Verrnn
776 787 894 858 felicius,
918 800 944 847 et
971 793 1097 851 festivius

303 867 377 924 lranc
392 868 592 930 solemnitatem
609 874 689 946 100
699 890 821 946 agemus,
834 894 895 935 cum
911 882 962 938 sub
977 884 1096 940 adventu

302 961 408 1027 sponsi,
422 963 509 1018 media
522 973 602 1020 nocte
618 966 738 1025 clamore
751 967 836 1037 lacto,
853 972 925 1027 inter
946 975 1094 1043 prudentes

302 1056 422 1123 uirgines
440 1058 566 1114 accensis
583 1058 755 1131 lampadibus
780 1067 960 1134 procedemus
984 1071 1093 1126 obviam

302 1164 402 1221 sponso
422 1162 450 1207 et
474 1168 579 1222 sponsae
604 1154 717 1226 (lintris.
739 1163 818 1231 xxr);
840 1176 904 1216 nara
924 1161 992 1220 bene
1019 1164 1093 1222 illius

300 1245 483 1315 professionis
505 1250 690 1308 inenarrabile
714 1254 842 1323 gaudium
865 1255 1005 1326 significat
1032 1256 1093 1314 hacc

303 1347 399 1391 nostra
417 1339 548 1395 lrodierna
566 1344 715 1411 processio.
735 1345 865 1402 dinemus
886 1363 963 1417 ergo,
978 1356 1006 1405 ει
1028 1349 1091 1421 imi·

299 1437 392 1498 lemur
409 1431 435 1485 iu
453 1429 583 1488 Siureunc
601 1442 628 1488 el
642 1436 731 1502 Antra,
747 1438 819 1506 quud
836 1438 862 1493 in
879 1446 985 1496 turture
1001 1449 1028 1497 el
1043 1455 1092 1497 co·

299 1517 391 1575 bamba
416 1520 564 1589 significari
593 1523 719 1590 dicimus,
739 1527 802 1602 quia
836 1536 899 1596 tune
924 1543 978 1586 non
1003 1531 1091 1601 sapiet

298 1618 397 1664 cantus
410 1612 541 1681 gemitum
556 1613 689 1669 columbae
707 1614 749 1669 rel
766 1617 892 1683 turturis,
910 1619 957 1674 sed
967 1629 1090 1676 vertetur

298 1698 325 1752 iu
346 1698 462 1767 jubilum
483 1711 592 1758 sclerum
613 1705 711 1760 laudis.
731 1704 808 1765 Trrnc
829 1708 900 1776 sicut
925 1709 1016 1776 hodie,
1034 1710 1089 1767 iuro

292 1791 396 1849 aurelius
413 1809 495 1863 quam
512 1795 603 1862 bodie,
623 1795 690 1865 justi
708 1798 844 1855 Simeonis
859 1802 995 1856 coroticum
1010 1816 1087 1858 eona·

1151 610 1264 680 recipiat
1277 612 1410 669 ueritatis.
1428 614 1460 668 dt
1483 613 1623 672 humilitas
1639 630 1746 687 semper
1764 627 1807 678 est
1820 622 1938 681 delicata

1149 709 1177 755 et
1198 703 1303 767 terruis3
1320 718 1352 759 eo
1367 712 1465 773 pateus
1477 713 1505 761 et
1524 706 1615 774 peruia
1631 721 1697 763 uero
1713 708 1820 779 lumini,
1840 726 1894 783 quo
1907 728 1938 770 se

1149 792 1274 848 strictius
1295 802 1322 849 et
1344 795 1497 866 simplicius
1521 811 1615 867 agens,
1636 810 1740 857 sanctae
1764 818 1872 873 semper
1896 814 1939 861 est

1147 890 1333 939 consentanea
1347 886 1502 955 paupertati
1519 887 1589 956 (lb).
1616 887 1755 947 llulierern
1771 892 1863 962 itaque
1877 894 1937 950 ior·

1147 980 1201 1027 tcm
1220 988 1288 1029 sane
1308 989 1453 1045 possumus
1469 978 1621 1049 intelligere
1635 981 1683 1037 Dei
1703 984 1876 1053 sapientiam,
1888 994 1936 1041 aut

1145 1076 1263 1120 matrem
1286 1067 1372 1136 ipsius
1403 1069 1544 1137 sapientiae
1566 1069 1690 1138 llarianr,
1710 1076 1933 1143 autsapientiutn

1145 1164 1260 1210 matrem
1279 1156 1439 1222 Ecclesiam,
1458 1169 1504 1214 aut
1518 1170 1593 1216 certe
1610 1163 1703 1217 sedem
1720 1166 1860 1235 sapientiae
1874 1168 1933 1221 aui·

1144 1258 1229 1299 maur.
1255 1244 1395 1316 Sapientia
1423 1248 1469 1302 Dei
1500 1249 1599 1305 mulier
1624 1251 1794 1323 appellatur,
1823 1265 1934 1326 propter

1143 1336 1265 1390 omnium
1285 1336 1432 1403 bonorum,
1451 1353 1512 1407 qum
1531 1341 1566 1395 ab
1586 1342 1643 1411 ipsa
1662 1342 1794 1410 ueuunnr,
1811 1345 1933 1401 secundi·

1143 1430 1239 1482 tatem.
1253 1424 1313 1496 lpsa
1329 1435 1371 1482 est
1390 1428 1476 1494 enim,
1501 1444 1562 1498 qnae
1584 1429 1729 1500 loquitur:
1747 1450 1757 1485 ι
1772 1432 1932 1505 Egomater

1142 1520 1265 1590 pulcbrae
1286 1522 1452 1587 dilectionis,
1476 1533 1504 1579 et
1530 1525 1647 1587 timoris.
1674 1537 1703 1584 et
1730 1530 1890 1599 agnitionis,
1904 1539 1933 1589 et

1141 1619 1245 1667 sauctae
1272 1612 1328 1681 spei
1349 1611 1448 1684 (scete.
1471 1616 1581 1684 stari.»
1607 1616 1695 1687 lpsam
1711 1622 1831 1676 omnium
1852 1623 1941 1700 104

1141 1719 1231 1760 rerum
1257 1716 1399 1776 parentem
1423 1709 1544 1763 ostendit
1569 1707 1725 1776 Psalmista,
1748 1713 1793 1767 sic
1818 1716 1938 1781 bonrino,

1140 1795 1276 1866 loquens:
1296 1814 1306 1849 r
1321 1796 1419 1853 Ourania
1435 1800 1462 1851 in
1477 1799 1611 1868 sapientia
1626 1800 1716 1857 iecisti
1731 1799 1818 1874 (Pori.
1836 1806 1905 1872 cur),
1917 1823 1934 1864 a

296 1884 372 1938 nrrrni
386 1884 479 1940 laetitia
494 1890 684 1959 concinemus,
701 1891 848 1948 dicentes:
868 1909 882 1955 r
896 1890 974 1949 Nunc
993 1893 1086 1948 dimit·
1102 1888 1193 1944 Betc.
1218 1887 1339 1959 lienique
1362 1903 1411 1957 per
1434 1890 1631 1959 evangelistam
1647 1893 1746 1948 mulier
1763 1895 1929 1965 appellatur,

296 1975 333 2028 lis
344 1973 421 2046 (buc.
438 1979 479 2047 ιι),
501 1990 576 2035 ιειε.

333 2066 402 2123 Nota
426 2071 453 2126 in
478 2072 530 2132 boc
552 2073 660 2130 carntico
677 2083 795 2145 prratuor
813 2090 873 2132 esse
898 2089 1006 2145 uersus,
1022 2077 1084 2148 quia

294 2167 413 2228 qrratnor
436 2172 500 2221 sunt
523 2164 623 2233 lactitiae
646 2167 767 2222 coelestis
784 2183 957 2241 progressus.
975 2168 1085 2225 Primus

294 2258 338 2304 εει
355 2252 381 2306 in
398 2256 604 2323 exspectatione
628 2268 655 2312 ct
675 2257 812 2313 desiderio
828 2260 865 2328 pii
882 2260 992 2325 cordis;
1012 2260 1084 2316 unde

293 2342 321 2395 in
337 2344 425 2414 primo
450 2361 531 2401 versu
555 2362 585 2403 se
609 2348 635 2401 in
653 2363 721 2416 pace
734 2350 834 2404 dimitti
857 2350 1020 2420 proclamat.
1035 2351 1085 2405 Se-

292 2438 398 2493 cundus
409 2446 451 2493 cst
466 2440 492 2493 iu
508 2438 598 2495 lructu
611 2449 638 2494 et
654 2447 788 2511 proventu
807 2442 858 2510 pia
873 2443 1082 2512 expectationis,

291 2538 364 2590 unde
388 2537 553 2592 insecundo
577 2551 656 2591 versu
679 2534 820 2607 corporeis
843 2537 926 2592 etiam
944 2536 1032 2592 oculis
1054 2550 1084 2593 se

290 2623 386 2680 uidere
403 2626 521 2681 salutate
544 2626 603 2692 liei,
621 2627 672 2681 lroc
688 2634 730 2680 est
751 2623 932 2690 Salvatorem,
952 2625 1081 2681 exsultat.

290 2712 401 2777 Tertius
410 2722 451 2770 est
460 2715 486 2769 in
496 2714 629 2784 charitate
638 2715 671 2769 de
679 2714 845 2785 profectibus
857 2715 962 2781 alienis,
972 2714 1042 2770 unde
1054 2714 1081 2771 in

289 2806 372 2859 tertio
384 2820 462 2861 versu
471 2805 646 2866 lrocsalutace
655 2806 702 2862 Dei
711 2805 836 2861 omuibus
844 2806 950 2878 populis
958 2820 1082 2863 commu·

288 2896 380 2964 sulcati
393 2898 682 2970 detrrrntiat,dicerrs:‹
696 2896 775 2965 Quod
788 2897 889 2967 parasti
904 2906 967 2952 aute
981 2897 1080 2952 laciem

1138 1990 1200 2031 cunr
1224 1977 1260 2030 ab
1284 1976 1342 2046 ipsa
1357 1976 1404 2030 Dei
1421 1978 1556 2045 sapientia
1572 1993 1621 2048 per
1635 1981 1843 2039 similitudinem
1859 1986 1929 2042 dicis

1139 2076 1183 2122 tur
1199 2085 1207 2123 z
1230 2084 1243 2119 t
1256 2066 1321 2134 Quae
1335 2066 1433 2123 rnnlier
1444 2068 1548 2124 babens
1576 2073 1722 2128 drachmas
1748 2075 1852 2140 decem,
1864 2085 1890 2132 et
1904 2079 1927 2134 sl

1136 2159 1284 2227 perdiderit
1298 2175 1378 2214 unam
1390 2176 1423 2216 es
1439 2162 1492 2217 ittts
1505 2162 1581 2234 (Luc.
1597 2164 1655 2234 xv),
1672 2181 1683 2218 s
1707 2174 1761 2222 ele.
1776 2167 1827 2223 Ubi
1840 2178 1928 2225 ruater

1136 2250 1236 2305 mulier
1250 2252 1413 2321 appellatur,
1427 2267 1483 2308 non
1497 2255 1571 2324 quod
1587 2254 1673 2311 fracta
1686 2256 1722 2313 sit
1733 2258 1767 2313 ad
1784 2259 1927 2317 mollitiem

1135 2342 1296 2413 voluptatis,
1312 2346 1360 2400 sed
1384 2356 1497 2418 propter
1513 2358 1640 2403 naturam
1655 2365 1738 2407 serus
1752 2351 1925 2420 infirmioris,

1136 2432 1207 2485 nude
1223 2434 1248 2486 ei
1263 2449 1278 2487 a
1296 2433 1414 2490 Dourion
1429 2437 1550 2493 dicitur:
1565 2456 1574 2488 r
1592 2439 1662 2505 Quid
1679 2443 1758 2506 milri,
1771 2451 1798 2499 ει
1811 2444 1859 2499 tibi
1871 2455 1925 2512 est,

1135 2524 1252 2579 llulierl
1275 2546 1284 2577 ι
1305 2527 1398 2597 (loon.
1416 2529 1460 2598 rr.)
1474 2529 1508 2581 Et
1528 2528 1637 2584 Gabriel
1659 2531 1783 2602 angelus,
1803 2548 1862 2588 eam
1878 2536 1926 2590 be-

1134 2616 1270 2671 nedictam
1284 2616 1310 2670 in
1327 2617 1489 2672 mulieribus
1504 2627 1681 2687 protestatur.
1698 2621 1844 2690 Apostolus
1857 2638 1925 2693 quo

1134 2718 1188 2774 que
1211 2707 1259 2760 bei
1289 2705 1392 2761 Filium
1414 2707 1516 2763 lacttrm
1535 2724 1567 2764 er
1584 2710 1696 2766 muliere
1712 2709 1812 2783 (Golas.
1827 2714 1877 2785 tr),
1896 2716 1924 2772 id

1133 2806 1185 2865 est,
1210 2801 1244 2854 de
1265 2800 1312 2854 tali
1331 2815 1398 2856 sexu
1424 2817 1536 2858 carnem
1556 2805 1740 2873 assumpsisse
1756 2821 1923 2863 commemo·

1133 2900 1176 2945 rat
1192 2890 1268 2961 (16);
1286 2908 1348 2947 nam
1363 2894 1427 2949 alibi
1443 2908 1540 2950 nouren
1557 2896 1679 2952 mulieris
1696 2896 1804 2953 Veritas
1826 2915 1841 2952 a
1860 2898 1923 2955 Vir·

291 2986 369 3057 101
387 2986 507 3042 omnium
529 2988 687 3059 populorum
704 2988 803 3058 (ibid).
823 3006 834 3040 ι
851 2986 971 3054 Quartus
994 2996 1022 3042 et
1040 2986 1082 3041 ul-
1132 2983 1194 3052 gine
1219 2997 1364 3040 removere
1384 2984 1501 3050 ridetur,
1518 3000 1579 3041 eum
1596 2988 1711 3043 loannis
1723 2989 1849 3058 baptiste
1862 2990 1922 3046 lau·

290 3081 374 3135 tirnus
405 3094 567 3150 progressus
583 3087 624 3134 est
639 3079 795 3148 sempiterni
810 3079 921 3134 luminis
938 3078 1078 3143 revelatio,
1132 3075 1180 3130 des
1195 3079 1366 3146 exsequitur,
1389 3078 1483 3132 dicens
1510 3096 1517 3133 :
1550 3079 1652 3136 rlrrter
1674 3082 1817 3138 ntulicrum
1842 3092 1922 3139 tratas

289 3184 315 3229 ct
336 3172 429 3245 gloria
449 3172 647 3238 nrauilcstatio,
661 3174 732 3242 quod
747 3172 773 3226 iu
787 3181 885 3243 quarto
901 3187 980 3228 uersu
1005 3186 1115 3272 corti·c
1131 3181 1186 3221 trun
1206 3169 1326 3223 surrexit
1344 3169 1433 3240 nrajor
1446 3168 1553 3228 loanne
1570 3171 1694 3242 Baptista
1712 3172 1821 3244 (Hosti.
1840 3175 1891 3244 ιι).
1907 3194 1918 3231 r

288 3273 456 3320 rrrenroratur
469 3281 530 3319 curn
545 3264 668 3320 dicitur:
685 3282 695 3316 r
717 3262 820 3319 Lumen
836 3265 870 3319 ad
882 3264 1078 3320 revelationem
1132 3260 1186 3316 Sed
1202 3260 1238 3316 ibi
1257 3274 1337 3318 vocat
1354 3263 1483 3319 mulieres
1498 3275 1636 3334 qnatenus
1649 3265 1817 3336 voluptuosae
1831 3268 1921 3324 naolli·

288 3357 422 3425 gentium,
437 3367 464 3411 ει
479 3357 595 3428 gloriam
618 3357 704 3426 plebis
730 3366 781 3412 tuae
801 3356 883 3413 lsrael
904 3358 1004 3428 (ibid),
1026 3358 1079 3413 rid

287 3449 428 3519 estpopuli
438 3459 596 3505 sanctorum
613 3450 683 3505 l'acie
695 3450 728 3504 ad
743 3448 840 3504 sacient
851 3449 968 3505 videntis
981 3450 1076 3517 ileum,

286 3539 331 3593 cni
352 3549 394 3594 εει
421 3541 510 3596 Ιιοιιοι
537 3551 565 3597 ει
591 3541 696 3610 gioria,
722 3542 748 3596 iu
771 3541 937 3612 sempiterna
966 3542 1075 3599 sucula.

286 3628 386 3686 Anien.

545 3725 624 3795 102
647 3723 763 3782 subito
786 3725 819 3782 ll.

482 3832 509 3872 ιιι
528 3833 712 3874 ιεεειιιτιοιιε
732 3835 758 3875 o.
779 3834 880 3877 uanas.

246 3946 252 3957 .
325 3905 460 3982 drrliereut
475 3909 569 3977 [ortem
579 3911 637 3980 guis
649 3911 784 3965 inueniet?
799 3908 908 3976 Procul,
925 3920 950 3965 et
963 3912 996 3968 tie
1011 3913 1076 3968 ulti·

285 3997 336 4067 ntis
347 3997 445 4066 finibus
459 4003 572 4069 pretium
589 4003 648 4071 ejus
667 4001 762 4072 (Prota.
787 4002 876 4072 xant).
894 4001 952 4056 Non
969 4005 1021 4059 lroc
1035 4005 1077 4060 ui-

284 4090 370 4159 citur,
392 4087 463 4161 egued
488 4095 669 4166 impossibile,
686 4098 733 4152 scd
749 4100 821 4170 qued
838 4097 946 4155 difficile
961 4100 997 4155 sit
1017 4115 1077 4154 rtru-

284 4180 381 4253 lierem
401 4181 498 4240 sortem
518 4186 651 4242 inuenire.
667 4187 741 4245 Perre
754 4189 826 4245 eninr
843 4190 925 4245 bodie
940 4191 1076 4248 difficilius

283 4285 328 4353 est
339 4277 462 4334 inuenire
475 4295 653 4350 qraernquam,
670 4284 716 4353 qui
734 4283 799 4339 uelit
813 4299 936 4354 quaerere
952 4285 992 4340 uel
1004 4286 1076 4341 desi·

284 4371 363 4425 deret
390 4372 526 4446 inuenire,
553 4389 636 4442 qrratn
663 4375 749 4445 ipsanr
776 4376 901 4432 invertire
932 4375 1074 4431 mulierem

283 4455 394 4514 fortem
412 4460 552 4516 llulierenr
571 4464 643 4518 banc
657 4463 755 4520 fortem
779 4481 904 4537 qrraerere
918 4469 1005 4523 uirtus
1020 4476 1073 4531 est,

1132 3351 1179 3406 tici
1199 3367 1252 3405 uon
1276 3365 1340 3407 sunt
1359 3364 1488 3424 expertes
1511 3365 1656 3412 curtiactus
1676 3356 1774 3426 uirilis,
1789 3358 1868 3428 cujus
1881 3360 1920 3415 rei

1129 3443 1239 3511 penitus
1248 3443 1344 3514 ignara
1359 3456 1402 3500 est
1417 3447 1562 3516 integritas
1573 3447 1725 3519 virginalis.
1736 3449 1920 3520 Sapientiam,

1130 3533 1183 3588 boc
1199 3542 1241 3590 cst
1254 3545 1413 3591 sauctorum
1430 3550 1521 3594 mater
1537 3539 1662 3595 Ecclesia
1687 3540 1785 3598 mulier
1808 3544 1919 3611 dicitur,

1129 3640 1190 3695 gnte
1206 3629 1329 3683 continui
1354 3640 1449 3698 partus
1460 3640 1488 3684 ct
1504 3634 1622 3701 gemitus
1636 3634 1761 3702 angustia
1776 3634 1918 3706 fatigatur.

1131 3717 1202 3774 Suul
1214 3720 1241 3775 iu
1256 3735 1288 3776 ea
1300 3722 1408 3778 dotores
1432 3733 1460 3778 ut
1482 3724 1660 3794 parturientis
1673 3725 1760 3796 (Ptol.
1777 3726 1874 3795 suut),
1890 3736 1920 3781 et

1129 3812 1192 3866 dum
1216 3823 1372 3869 sanctoruni
1399 3815 1478 3886 105
1500 3816 1633 3881 sobolem,
1648 3833 1730 3886 urtam
1750 3834 1783 3871 cx
1800 3817 1919 3887 Spiritus

1128 3903 1216 3956 sancti
1233 3906 1350 3974 suscipit
1373 3908 1474 3977 gratia,
1494 3916 1589 3962 tencre
1606 3909 1718 3972 educat,
1731 3909 1861 3963 artlcuter
1877 3911 1919 3964 di·

1128 3991 1197 4061 ligit,
1217 3996 1250 4051 de
1273 4011 1369 4051 eorum
1395 4000 1595 4054 tentationibus
1608 4012 1636 4055 et
1649 4001 1780 4072 periculis
1794 4011 1917 4058 materno

1128 4086 1226 4143 allectat
1247 4090 1393 4144 continuo·
1414 4091 1490 4145 dolet
1513 4100 1540 4145 ct
1559 4094 1651 4162 gemit.
1672 4092 1747 4149 Unde
1761 4102 1788 4148 et
1802 4110 1918 4163 sponsus

1127 4179 1231 4250 ejusde
1244 4182 1302 4250 ipsa
1318 4182 1344 4236 in
1357 4183 1504 4253 Evangelio
1516 4184 1638 4254 loquitur
1651 4184 1744 4239 diceus
1757 4199 1765 4239 s
1783 4204 1792 4236 r
1809 4184 1916 4251 Mulier,

1127 4283 1190 4324 curu
1213 4272 1298 4340 parit,
1326 4272 1466 4327 tristitiam
1492 4275 1585 4338 babet,
1603 4275 1668 4344 quia
1685 4275 1760 4328 verrit
1777 4274 1843 4331 bora
1859 4277 1918 4346 ejus

1127 4362 1221 4430 (doctr.
1239 4365 1307 4435 art).
1327 4383 1336 4418 ι
1353 4365 1640 4437 brittanorumque
1657 4367 1735 4424 sedes
1746 4376 1788 4423 est
1801 4368 1917 4438 Sapien-

1127 4452 1182 4519 tiae,
1216 4470 1247 4510 ea
1273 4456 1381 4512 ratione
1407 4458 1506 4514 mulier
1531 4460 1643 4527 dicitur,
1671 4462 1743 4530 qrrod
1768 4459 1917 4517 affectuosa

284 4550 409 4608 invenire
440 4552 523 4627 gagg,
554 4557 759 4625 apprehendere
785 4559 926 4628 gaudium,
959 4549 1244 4631 gippgpfenqnadam
1272 4555 1377 4604 tenerae
1406 4550 1517 4619 pictatis
1537 4550 1652 4607 attollitis
1678 4560 1761 4622 supra
1787 4553 1917 4607 dilectura

283 4645 344 4700 laus
367 4655 396 4702 et
418 4647 517 4713 bonor,
548 4657 639 4705 tenere
667 4666 756 4721 neque
780 4652 918 4708 dimittere
938 4668 1073 4709 summunt

282 4736 396 4793 bouum.
421 4737 474 4796 Sed
494 4739 551 4809 jam
578 4739 644 4811 quid
669 4743 726 4798 lraec
751 4743 848 4798 mulier
864 4743 942 4798 lortis
957 4745 1074 4815 intelligi

283 4827 392 4897 debeat,
419 4831 477 4899 ubi,
504 4831 624 4901 giraudo,
649 4831 797 4903 quurnodo,
826 4833 911 4902 quaeri
935 4843 1071 4903 oporteat,

282 4921 436 4980 rideamus.
462 4924 604 4993 Quomodo
635 4923 707 4979 enirn
736 4924 853 4982 inueniri
879 4926 990 4995 poterit,
1020 4926 1072 4981 nisi

282 5017 444 5085 queratur?
458 5020 524 5084 dut,
541 5017 678 5086 quontodo
698 5016 776 5088 103
791 5017 889 5085 poterit
905 5018 1003 5088 qrrteri,
1020 5018 1072 5074 nisi

282 5103 389 5159 sciatur
404 5105 451 5162 ubi
468 5106 557 5163 valeat
579 5107 715 5162 irrueniri?
738 5107 881 5175 Quomodo
902 5108 954 5166 ltoe
970 5109 1072 5179 aliquis

281 5195 400 5264 nouerit,
414 5196 468 5251 uisi
481 5197 629 5253 didicerit?
646 5199 756 5255 Discere
769 5210 860 5254 autent
876 5202 948 5255 unde
960 5203 1071 5270 poterit,

282 5285 336 5342 nisi
355 5301 386 5342 se
411 5288 571 5360 magisterio
593 5291 743 5361 disciplinae
766 5287 939 5348 subdiderit?
959 5290 1072 5350 billlcile

282 5390 325 5438 cst
341 5392 427 5449 certe,
442 5398 472 5437 ut
486 5392 607 5440 assumat
624 5384 739 5442 formam
756 5386 891 5457 discipuli,
908 5396 936 5441 ut
954 5385 1071 5455 discipli-

282 5485 325 5531 ttae
338 5474 470 5531 efficiatur
483 5478 601 5548 patiens,
615 5479 659 5535 cui
683 5480 759 5535 deest
778 5493 830 5534 non
853 5480 945 5550 ignara
966 5477 1073 5548 subjec-

284 5567 370 5624 tionis
382 5569 534 5635 lrumilitas,
547 5586 628 5642 prtem
644 5572 741 5639 reddit,
757 5581 805 5628 aut
826 5572 940 5644 languor
955 5571 1071 5644 ignaris

283 5659 481 5732 negligentem,
508 5669 557 5718 aut
578 5671 668 5719 tumor
686 5664 821 5736 superbiae
840 5673 1069 5736 contemptorem.

283 5750 417 5827 Superbia
433 5752 561 5809 nimirum
576 5755 680 5825 proprii
695 5758 809 5815 tumoris
820 5769 921 5815 caecata
936 5759 1070 5830 grossitu-

284 5843 358 5918 dine,
374 5845 445 5903 sicut
457 5859 491 5903 ex
510 5845 568 5917 ipso
586 5837 694 5905 'tumore
715 5850 817 5921 agitur,
836 5864 870 5908 ne
886 5852 922 5911 sit
938 5853 1069 5911 tractabi-

1126 4651 1206 4692 suum
1232 4637 1377 4695 innitatur.
1403 4640 1509 4695 dilectu
1526 4642 1720 4696 misericordiae
1736 4644 1836 4706 mollis,
1851 4658 1917 4712 ope·

1126 4743 1187 4782 rum
1201 4727 1342 4785 lertilitate
1360 4731 1564 4800 secundarium
1583 4747 1713 4802 sponsum
1729 4748 1809 4787 suurn
1823 4733 1914 4788 lesum

1125 4843 1210 4897 snpra
1226 4828 1329 4893 omnia,
1351 4831 1380 4886 et
1395 4829 1422 4883 in
1439 4829 1568 4884 urrinibus
1579 4828 1677 4899 diligit,
1692 4828 1831 4883 individua
1847 4843 1877 4883 se
1889 4828 1915 4883 ei

1125 4920 1247 4990 puritate
1259 4901 1411 4992 conjungit,
1435 4932 1462 4974 et
1477 4921 1544 4975 dicit
1562 4938 1570 4975 z
1598 4940 1607 4973 r
1623 4920 1742 4978 Dilectus
1757 4937 1835 4979 naeus
1849 4921 1915 4977 milri

1125 5021 1175 5075 est,
1190 5021 1217 5066 et
1243 5027 1293 5084 ego
1309 5011 1347 5066 illi
1371 4995 1460 5082 (Cant.
1477 5010 1510 5082 r).
1529 5031 1538 5065 ι
1560 5010 1698 5069 Fallacem
1711 5016 1810 5084 qttiprpe
1828 5015 1916 5070 homi·

1125 5119 1191 5158 num
1206 5104 1325 5172 gratiam
1344 5112 1372 5156 et
1388 5118 1486 5158 vanam
1503 5120 1594 5160 terrun
1610 5105 1840 5176 pulcbritudiuern
1860 5123 1914 5164 nor

1125 5195 1252 5261 attendit,
1267 5195 1314 5252 sed
1329 5195 1398 5251 casti
1413 5197 1523 5251 timoris
1536 5197 1587 5252 sibi
1604 5198 1754 5252 custodiam
1768 5198 1912 5254 adhibens.

1124 5288 1271 5360 diligenter
1285 5288 1351 5342 illud
1369 5302 1525 5354 conservat,
1545 5301 1574 5346 et
1589 5292 1664 5345 audit
1682 5308 1689 5343 z
1708 5308 1718 5342 t
1738 5286 1831 5342 Fallax
1850 5302 1911 5356 gra·

1125 5384 1173 5449 tia,
1189 5391 1217 5436 ct
1230 5397 1298 5437 rana
1315 5392 1356 5438 est
1374 5383 1565 5451 pulcbritrrdo;
1585 5383 1682 5437 mulier
1698 5382 1797 5435 timens
1819 5380 1910 5434 Douri-

1123 5488 1200 5539 nutn,
1218 5475 1277 5541 ipsa
1294 5474 1454 5530 laudabitur
1469 5472 1561 5544 (l'roo.
1580 5471 1666 5542 xxxa).
1683 5489 1693 5521 ι
1722 5469 1821 5524 ilerum
1846 5471 1910 5541 grtia

1122 5569 1172 5625 llei
1197 5569 1358 5640 sapientiam
1373 5569 1514 5623 mulierem
1529 5565 1627 5622 lortem
1640 5578 1721 5632 posse
1736 5563 1850 5635 intelligi
1866 5580 1911 5620 su-

1122 5663 1220 5732 perius
1235 5659 1365 5730 diximus,
1382 5661 1519 5733 quomodo
1538 5658 1564 5714 id
1582 5659 1698 5730 intelligi
1717 5659 1910 5717 debeatlatius

1122 5757 1302 5835 explicemus.
1358 5817 1360 5820 ,

1114 5905 1146 5933 ..4
1159 5849 1266 5928 Dicitur
1288 5851 1362 5911 euim
1375 5850 1474 5910 muller
1488 5857 1599 5924 propter
1609 5846 1814 5921 iocunditatem,
1830 5847 1910 5907 lortis
