4425 6450
334 370 389 426 tib
1037 367 1232 431 subtutus.
1906 366 1960 432 sti

334 486 477 557 calipsum
495 484 650 554 albuginem
665 484 769 543 babens
783 485 810 541 in
824 486 921 551 oculo,
936 485 1015 542 bonas
1033 485 1123 545 luten·
1136 495 1161 553 Δ
1176 487 1243 558 lqnl
1260 486 1308 557 qul
1322 483 1393 543 tolllt
1411 499 1523 558 peccata
1544 488 1649 555 mundi,
1661 488 1708 559 qul
1719 503 1811 546 coram
1828 492 1960 549 tondente

335 576 405 629 tioni
418 573 603 644 arrogantiam
619 573 858 645 nrisccns31uqenr
874 576 979 632 liabens
991 577 1122 644 scabiem,
1175 579 1319 648 obmutuit,
1336 579 1363 635 lu
1379 579 1456 648 cujus
1473 581 1605 650 sanquine
1613 580 1772 638 lavaverunt
1787 582 1874 638 stolas
1883 597 1960 650 suas,

334 668 445 723 tortore
465 666 588 722 libidinis
604 667 751 737 pruriens;
772 668 956 739 impetiginem
977 668 1081 725 babens
1095 669 1122 723 ln
1173 680 1201 726 ct
1213 669 1410 726 dealbaverunt
1424 684 1472 726 cas
1501 684 1599 727 omnes
1613 662 1704 727 elec'ti.
1721 670 1851 728 lliscetur
1862 683 1889 728 et
1904 674 1961 729 riis·

334 772 463 827 corpore,
474 757 559 813 lucris
577 758 701 813 avaritie
714 759 838 827 studens;
855 761 1035 831 ponderosus,
1050 761 1123 833 turpi
1173 762 1366 818 cumbentibus
1377 761 1469 816 rimrm
1483 762 1641 832 qsrritinans
1653 762 1961 833 rtrqtnssninumquod

335 850 505 921 cogitatione
516 851 550 905 ad
566 848 805 908 terramdeDetus.
1173 851 1293 906 laetilicut
1303 867 1352 907 cor
1366 852 1495 916 bominis,
1512 854 1586 921 quod
1605 866 1765 923 expressum
1778 861 1821 908 est
1840 854 1868 909 in
1883 853 1962 924 prelo

372 942 478 996 Statu
493 941 578 997 altera
593 944 754 1014 Daliellssoi'
778 959 935 1012 canonum,
956 946 1059 1002 impare
1074 960 1123 1000 qo.
1173 938 1275 1004 cilicis,
1291 937 1325 991 de
1339 940 1469 994 illevera
1490 941 1627 1010 CDJDSDDS
1642 941 1709 997 eills
1726 941 1864 1011 palmites.
1880 942 1958 999 fluite

334 1028 424 1083 lentes
441 1040 540 1082 arcens
554 1036 582 1083 et
596 1027 738 1084 clamante
759 1045 812 1085 non
824 1031 1003 1101 neophytum,
1017 1046 1070 1086 non
1085 1029 1124 1083 bi·
1172 1029 1263 1083 oborn
1289 1028 1421 1086 Dominus
1448 1032 1507 1103 ipse
1525 1033 1572 1102 qul
1595 1034 1732 1103 apponit,
1762 1037 1803 1092 rio
1827 1036 1960 1106 exponite

334 1133 457 1189 qamtrm,
472 1132 526 1173 non
540 1118 628 1173 viduae
637 1118 782 1185 maritum,
801 1134 854 1176 uon
869 1120 1047 1187 illiteratum,
1067 1137 1121 1177 non
1173 1121 1243 1175 caro
1255 1139 1315 1176 tneo
1338 1139 1396 1177 sere
1418 1123 1569 1190 ortelius,
1588 1133 1614 1178 et
1632 1126 1740 1197 sanquis
1755 1142 1829 1182 nretts
1850 1144 1907 1184 sess
1920 1137 1961 1185 ert

335 1224 452 1279 corpore
479 1209 652 1276 tunicatum,
678 1226 733 1268 non
761 1228 794 1268 ex
809 1214 952 1270 sacerdote
976 1215 1097 1285 genitum
1114 1253 1122 1281 ,
1171 1219 1249 1278 potus
1268 1210 1374 1282 (loon,
1390 1227 1416 1266 tr
1427 1213 1448 1282 ).
1469 1212 1517 1268 lla
1530 1222 1594 1268 sunt
1609 1216 1697 1283 epulae
1711 1231 1780 1285 quas
1794 1218 1840 1287 qui
1858 1232 1920 1274 rere
1932 1226 1962 1276 at

334 1317 389 1357 non
405 1301 534 1375 seruilis,
550 1312 599 1357 aut
611 1302 743 1368 curialis,
758 1314 805 1360 aut
817 1307 977 1377 ascriptitia
991 1306 1123 1363 conditio
1173 1300 1255 1370 disne
1266 1302 1450 1372 susceperint,
1469 1318 1522 1359 uon
1539 1306 1673 1373 esuriem,
1699 1321 1787 1377 neque
1799 1308 1891 1364 sitient
1904 1325 1961 1364 attt-

326 1395 380 1451 ‘nis
408 1393 525 1450 neribus
538 1395 697 1455 astrictum:
717 1411 840 1451 noneum
852 1398 897 1466 qui
914 1397 999 1453 semel
1014 1398 1123 1454 iurave-
1173 1389 1255 1458 plius.
1280 1390 1335 1448 ¹¹²⁸
1352 1393 1498 1449 telebttssli
1515 1396 1645 1464 nuptias,
1662 1397 1836 1463 ⁰⁸²0tttt¹⁰⁸3
1855 1400 1919 1455 ituie
1935 1409 1962 1456 1⁰

334 1486 393 1552 rit,
410 1501 464 1541 non
480 1486 525 1555 qui
541 1485 738 1543 ecclesiasticis
753 1487 906 1557 disciplinis
929 1489 1053 1545 eruditus
1067 1504 1123 1545 non
1173 1482 1351 1539 rrtatrimonio
1365 1484 1634 1557 copularttpropror
1644 1487 1695 1544 ltoc
1709 1490 1842 1560 reliquisti
1853 1500 1960 1560 patrem

334 1575 427 1632 tuerit.
444 1591 496 1639 non
509 1577 554 1646 qui
568 1576 682 1632 maculis
696 1576 817 1633 infamias
833 1592 975 1649 respersus
988 1579 1035 1634 sit.
1048 1576 1123 1635 lnter
1174 1581 1203 1628 et
1220 1581 1350 1641 matrem,
1366 1585 1396 1629 ttt
1407 1576 1562 1632 ttlltaeretes
1579 1578 1657 1633 uxori
1672 1588 1735 1635 tute.
1748 1578 1804 1637 Nec
1819 1582 1906 1637 deerit
1916 1596 1961 1636 so-

334 1668 393 1723 lraec
406 1668 515 1723 auditur
535 1683 586 1724 vox
600 1668 791 1725 exsultationis
805 1678 833 1725 et
848 1670 954 1737 salutis,
967 1685 1017 1726 rot
1034 1672 1124 1726 citha·
1173 1664 1251 1720 Dolet
1265 1665 1293 1720 in
1306 1667 1358 1721 ltoc
1371 1668 1498 1739 eortiuqto
1516 1686 1523 1724 ἑ
1544 1685 1607 1725 naut
1629 1671 1652 1727 ⁵5
1667 1672 1758 1739 torte,
1777 1676 1850 1743 litlot!
1865 1674 1957 1730 absit!

334 1761 473 1818 roedorum
485 1760 707 1816 citltarisantium
718 1761 745 1816 in
762 1763 878 1817 eitbaris
892 1764 969 1819 suis:
986 1762 1123 1819 exsultate
1173 1770 1279 1813 tenent>
1293 1759 1448 1817 sterilitatis
1462 1775 1517 1817 uon
1529 1774 1726 1831 procreentur,
1736 1766 1960 1836 multiplicabitur

333 1862 362 1908 ct
378 1859 502 1906 eructate
518 1851 551 1907 de
562 1851 646 1907 corde
661 1852 740 1921 pleno
760 1853 841 1908 verba
858 1853 930 1907 buna
947 1851 1074 1907 Dauidica
1090 1854 1119 1907 ln
1137 1827 1159 1882 B
1172 1863 1269 1905 semen
1284 1860 1359 1905 tuum
1372 1852 1443 1907 sicut
1457 1851 1543 1908 stelle
1557 1853 1668 1918 coeli,et
1679 1855 1750 1910 sicut
1762 1869 1843 1910 arena
1854 1864 1962 1923 quaeest

334 1942 465 2013 psalterio
478 1951 506 1997 et
518 1943 636 2009 citlrara,
649 1944 733 2010 Amos
748 1944 775 1997 in
792 1943 925 2013 pastorali
941 1941 1121 2009 llsttrla‚l>auli
1174 1941 1200 1996 in
1214 1942 1309 2000 littore
1325 1944 1421 2000 maris.
1452 1943 1591 2016 Quidquid
1607 1948 1680 2003 enim
1699 1949 1771 2004 sacri
1788 1950 1961 2018 baptismatis

334 2034 362 2089 lu
375 2034 533 2104 euangettca
551 2035 626 2092 tuba.
655 2035 808 2105 Antequam
830 2036 979 2091 accedatur
997 2036 1030 2089 ad
1046 2049 1123 2089 men·
1173 2032 1245 2087 unda
1263 2032 1373 2099 lavasti,
1389 2043 1524 2103 quotquot
1535 2036 1641 2090 autimas
1654 2036 1708 2091 tuis
1720 2036 1962 2105 praedicationibus

334 2140 405 2192 sam,
420 2125 558 2182 consessio
574 2126 701 2182 ntanibus
715 2142 813 2197 nqrram
833 2128 913 2197 petit,
926 2124 1058 2182 contritio
1073 2141 1123 2196 per
1172 2125 1207 2179 ad
1236 2123 1426 2193 poenitentiam
1455 2126 1635 2193 convertisti,
1668 2127 1760 2183 omnia
1787 2126 1857 2183 bona
1877 2142 1961 2197 opera

334 2215 471 2288 lacrymas
482 2217 587 2284 lnttdit,
601 2218 754 2274 satisfactio
771 2218 854 2273 linteo
866 2219 1008 2273 munditiae
1024 2233 1122 2273 rnanus
1171 2229 1233 2285 quar
1251 2216 1362 2282 iecisti,
1381 2218 1419 2270 tui
1436 2216 1515 2273 liberi
1544 2226 1572 2273 et
1585 2217 1640 2289 ,titt
1664 2218 1863 2275 bertedictiouis
1884 2230 1959 2275 sunt.

336 2309 424 2378 terqit.
441 2308 535 2366 0llicio
555 2310 636 2364 trium
656 2310 770 2365 istarum
786 2310 925 2381 virginum
942 2309 1122 2367 absolvuntur
1171 2308 1259 2363 Aliter
1274 2318 1366 2378 potest
1381 2307 1561 2378 multiplicari
1574 2325 1667 2365 semen
1681 2321 1767 2376 tuum,
1784 2310 1832 2366 sed
1847 2311 1961 2365 damna-

334 2402 460 2457 consivia
474 2442 481 2466 ,
497 2417 622 2471 praecone
636 2414 685 2473 per
700 2403 771 2456 atria
786 2404 924 2458 clamante
940 2417 948 2456 ε
964 2402 1120 2472 letamini,
1173 2398 1278 2467 Diliter,
1293 2416 1346 2455 non
1362 2409 1468 2456 tantum
1485 2402 1613 2469 operibus
1637 2402 1783 2472 videlieet,
1803 2403 1852 2458 sed
1874 2404 1961 2458 etiam

334 2492 427 2545 mundi
442 2502 521 2547 estote
536 2492 616 2564 (lsai.
633 2493 691 2563 st);
710 2494 774 2547 item
787 2510 796 2550 ε
809 2493 978 2549 ilnnrlomini
989 2497 1034 2565 qui
1046 2496 1122 2565 sertis
1173 2489 1264 2545 verbis
1279 2490 1476 2556 diversimode,
1492 2492 1570 2546 uerbi
1585 2493 1673 2561 qratia
1691 2531 1700 2558 ,
1716 2509 1778 2563 quas
1793 2494 1962 2563 malignitate

334 2599 396 2638 soso
412 2585 519 2639 Domini
530 2584 609 2656 (lsai.
626 2584 686 2657 stri.
709 2586 814 2641 Dcitinc
824 2587 981 2642 ascenditur
993 2587 1027 2642 ad
1042 2603 1121 2643 men·
1174 2580 1308 2635 nonllunt
1326 2589 1373 2634 ²¹¹²
1390 2597 1443 2635 ¹¹⁰¹!
1460 2582 1599 2648 dicusslttb
1614 2591 1726 2651 limiti
1741 2593 1804 2639 ⁸⁰⁰¹
1817 2585 1954 2650 lessiillti
2011 2650 2019 2661 ,

333 2690 393 2729 sotn
409 2716 416 2738 ,
437 2692 489 2730 non
506 2676 580 2731 illam
604 2677 819 2747 propositionis,
844 2679 870 2733 ln
887 2694 939 2749 qua
954 2696 1003 2752 per
1017 2680 1122 2751 singula
1173 2671 1221 2727 scd
1239 2670 1293 2726 slia
1309 2680 1374 2727 sunt
1388 2687 1471 2743 opera
1485 2682 1514 2728 et
1528 2674 1611 2729 verba
1630 2673 1700 2729 laisa
1715 2675 1749 2729 dc
1762 2676 1863 2745 quibus
1874 2674 1963 2746 loqui·

335 2766 460 2819 Sabbata
479 2780 564 2834 partes
585 2766 686 2831 calidi,
701 2768 883 2824 veterioribus
901 2770 1022 2836 amotis,
1038 2786 1123 2841 pono·
1174 2772 1218 2818 tsr
1230 2761 1373 2819 Psalmista
1390 2761 1497 2819 sl'sria
1512 2765 1603 2836 iniqua
1620 2777 1644 2819 et
1655 2764 1748 2819 doloso
1766 2767 1890 2821 odbertus
1901 2783 1961 2836 pro·

335 2858 452 2921 bantrrr;
480 2856 527 2909 sed
541 2859 574 2911 ad
590 2872 733 2927 mensam,
757 2873 838 2928 quam
853 2859 943 2929 posuit
959 2859 1119 2930 Sapientia,
1172 2856 1257 2910 simos
1280 2855 1377 2926 (Psoi.
1390 2870 1436 2910 mv
1446 2855 1469 2927 )‚·
1491 2864 1520 2911 el
1535 2857 1600 2912 tlibi
1615 2856 1737 2913 :Perdes
1756 2875 1844 2914 omnes
1856 2859 1902 2923 itti
1917 2860 1960 2911 ¹⁰·

336 2959 419 3015 qtram
441 2948 550 3014 paravit
574 2948 601 3002 in
617 2956 765 3019 conspectu
790 2957 836 3006 tuo
858 2951 991 3006 adversus
1011 2952 1121 3023 eosqui
1173 2948 1466 3019 quuntnrnrendoeirrm
1481 2947 1571 3014 (Psoi.
1585 2948 1623 3018 v).
1642 2948 1701 3003 elta
1720 2959 1784 3005 sunt
1797 2951 1880 3005 uerba
1898 2965 1960 3005 cor·

336 3035 467 3090 tribulant
481 3045 518 3093 te.
535 3039 715 3108 Appormntur
730 3054 815 3110 panes
827 3040 926 3111 azymi,
941 3056 1010 3111 quos
1022 3042 1121 3099 summi
1173 3039 1233 3103 dis,
1251 3050 1281 3092 ut
1294 3047 1357 3093 sunt
1373 3039 1444 3094 mala
1461 3039 1565 3109 judicia
1582 3040 1713 3095 adversus
1733 3042 1908 3111 proximum,
1926 3045 1960 3097 ric

336 3127 419 3197 lteqis
443 3128 568 3198 panificae
590 3130 737 3187 sinceritas
750 3139 777 3187 ct
792 3132 896 3188 veritas
917 3132 1120 3203 coniecerunt,
1134 3152 1158 3217 c
1173 3130 1273 3200 quibus
1292 3130 1433 3201 spostolus
1453 3147 1460 3183 :
1479 3129 1519 3185 Tc
1537 3131 1607 3186 altiss
1621 3134 1750 3201 festucam
1766 3132 1793 3186 tn
1810 3132 1887 3186 orato
1897 3148 1960 3202 nro·

335 3219 380 3276 ltic
395 3230 438 3277 est
455 3224 535 3292 panis
548 3222 719 3296 angelorum,
739 3240 821 3297 quem
833 3227 1007 3283 manducavit
1025 3228 1119 3295 ltomo,
1172 3223 1237 3280 simi
1251 3223 1307 3288 ttsi,
1318 3234 1342 3278 ct
1356 3240 1409 3279 non
1426 3224 1565 3279 trebensis
1577 3234 1621 3279 trto
1644 3222 1723 3296 (buc.
1740 3222 1789 3294 tr),
1805 3224 1877 3278 unde
1889 3239 1960 3293 quo·

334 3324 369 3366 tte
385 3312 495 3369 deiciat
507 3316 534 3369 in
551 3315 595 3370 sia
617 3316 663 3373 tali
686 3325 827 3373 recreatus
838 3317 947 3376 viatico.
965 3317 1121 3376 lnleruntur
1174 3317 1247 3373 niam
1262 3315 1378 3371 alterum
1394 3317 1520 3387 judicas,
1537 3316 1602 3386 quia
1626 3316 1743 3384 teipsum
1766 3316 1958 3371 condemnas:

334 3410 361 3456 et
373 3417 473 3459 carnes
489 3405 557 3476 Aqui
573 3406 755 3473 immaculati,
775 3423 828 3465 non
848 3409 922 3466 illius
936 3425 1016 3480 quem
1029 3411 1120 3467 lloscs
1174 3418 1273 3464 cavete
1289 3408 1324 3463 ab
1339 3408 1383 3465 ltis
1394 3408 1439 3478 qui
1456 3416 1520 3464 sunt
1535 3407 1581 3462 lilii
1596 3407 1710 3473 mortis,
1726 3414 1756 3461 ut
1778 3405 1894 3463 districti
1909 3403 1958 3461 ltr-

334 3491 477 3562 lmmulat,
509 3498 557 3552 sed
579 3508 662 3568 quem
686 3500 806 3559 loannes
824 3500 909 3574 digito
928 3499 1119 3569 demonstrat,
1174 3498 1519 3557 dicissententiautvltars
1536 3498 1660 3556 ratensis.
1682 3497 1780 3554 Amen.

988 3867 1304 3961 ELENCHUS

393 4081 586 4146 Sermonum
611 4082 653 4144 ll.
674 4081 827 4164 Stephani
848 4081 1025 4147 abbatiss.
1045 4081 1221 4146 Genosalte
1243 4080 1438 4146 Parisiensis
1454 4099 1491 4147 ac
1509 4061 1655 4162 eptscopi
1668 4081 1897 4147 Tornacensls.

259 4205 276 4272 ὗ

1120 4269 1158 4298 ,a

275 4456 284 4481 ,Ι
574 4397 667 4454 Sermo
681 4397 702 4454 l.
719 4397 753 4454 ln
766 4401 877 4471 synodo.
1135 4418 1159 4476 ῃ
1398 4397 1465 4456 vttt.
1477 4397 1516 4455 De
1525 4395 1628 4466 Spiritu
1636 4411 1737 4456 roseto.

259 4544 299 4561 ,
369 4489 420 4562 Qui
435 4489 518 4546 babet
532 4505 661 4559 sponsam
674 4506 792 4561 sponsus
805 4504 858 4550 est.
1208 4490 1288 4551 lesus
1297 4487 1425 4550 Christus
1434 4488 1504 4556 tert,
1518 4498 1546 4547 st
1561 4490 1652 4556 hodie,
1666 4501 1694 4547 et
1708 4491 1734 4547 in
1745 4501 1887 4549 aeternum.

277 4652 284 4667 .
534 4581 566 4638 ll.
580 4580 619 4635 Dc
640 4582 788 4639 Natiuitste
801 4585 919 4642 Domini.
1364 4580 1412 4637 tx,
1422 4581 1462 4637 Dc
1477 4581 1634 4637 escensione
1649 4581 1766 4639 Domini.

270 4660 294 4679 “’
367 4673 552 4731 liisericordia
568 4682 596 4730 et
610 4677 709 4733 veritas
723 4677 901 4734 obviaverunt
916 4679 978 4736 sibi.
1207 4675 1345 4736 Postulasl
1355 4674 1464 4733 Patrem
1478 4689 1580 4741 meum,
1593 4672 1712 4737 alleluia,
1723 4673 1798 4729 dedit
1813 4673 1877 4729 mibi
1894 4689 1960 4745 qen·

525 4762 570 4818 ΙΙΙ.
586 4762 625 4818 De
639 4764 788 4821 Natiuitste
809 4767 927 4824 Domini.
1173 4780 1224 4839 tes,
1235 4767 1355 4826 alleluia.

366 4851 514 4927 inproprie
526 4856 613 4916 uenit,
625 4856 706 4911 etsui
719 4871 782 4912 sum
796 4873 849 4914 non
868 4867 1037 4930 receperunt.
1399 4857 1434 4914 tt.
1452 4858 1489 4913 De
1499 4873 1552 4913 uno
1572 4856 1730 4926 consessore.

525 4945 570 5001 lll.
588 4945 626 5000 De
640 4945 786 5003 Netinitote
807 4949 924 5005 Domini.
1208 4954 1271 5010 Sint
1286 4951 1371 5008 lumbi
1385 4950 1470 5007 vestri
1481 4947 1634 5019 procincti.

367 5036 454 5093 Natus
466 5045 509 5094 cst
522 5037 602 5094 nobis
617 5037 698 5094 hodic
714 5037 849 5096 Salvator.
1104 5023 1108 5032 ¹
1224 5046 1271 5102 xl.
1285 5044 1319 5100 ln
1335 5043 1402 5114 [esto
1418 5039 1470 5096 SS.
1485 5041 1671 5109 Apostolorum
1688 5036 1761 5094 Petri
1773 5047 1798 5093 st
1813 5035 1907 5096 emit.

582 5127 873 5202 minseprnnpntnn.
1206 5135 1274 5194 Cum
1287 5133 1467 5206 essesjunior
1480 5134 1609 5206 cingebas
1628 5142 1667 5188 te.

368 5218 464 5275 Simile
481 5230 524 5276 est
547 5234 660 5291 regnum
675 5220 805 5278 ciclorum
824 5220 926 5280 homini
948 5221 1020 5294 putri
1040 5221 1121 5278 lami·
1382 5223 1747 5292 supermundanorum

332 5312 393 5370 lias.
1208 5318 1536 5392 sapienatincitmalum

491 5404 535 5462 vt.
551 5405 590 5461 Ds
606 5403 802 5461 recurrentem
811 5411 840 5463 ia
849 5409 960 5479 synodo.
1330 5411 1401 5468 xttt.
1414 5412 1453 5467 De
1469 5411 1666 5468 Resurrecttons
1682 5407 1800 5464 Domini.

368 5491 469 5564 Dignus
482 5509 522 5557 es,
539 5492 664 5560 Domine,
678 5494 801 5563 accipere
815 5494 927 5553 librum.
1206 5503 1289 5560 llaria
1303 5503 1459 5574 llaqdalene
1469 5511 1497 5559 ct
1510 5501 1595 5557 llaria
1609 5497 1703 5556 iacobi
1714 5505 1742 5554 et
1751 5494 1872 5553 salome·
1974 5566 1977 5574 Ι

519 5585 575 5641 tlt.
596 5585 633 5639 De
649 5586 691 5640 dis
706 5584 928 5647 uernnectiontr.
1384 5593 1452 5651 xiv.
1465 5593 1498 5649 ln
1513 5593 1555 5648 dis
1568 5591 1744 5646 Pentecosten
1974 5582 1977 5590 ’

332 5767 350 5825 b
368 5675 397 5730 ln
412 5677 565 5738 diademate
580 5680 677 5749 capitis
692 5689 782 5737 autem
793 5682 896 5753 lapides
912 5682 1023 5754 pretiosi
1034 5682 1120 5768 luiqs·
1205 5687 1227 5744 Α
1243 5697 1359 5759 quatuor
1377 5687 1464 5743 tentis
1475 5683 1546 5749 veni,
1565 5679 1693 5752 Spiritus,
1705 5688 1732 5737 et
1745 5674 1860 5737 insuffla

352 5781 409 5826 unt.
