4425 6450
1813 379 1816 392 ·
1912 325 1967 412 sit

334 366 387 426 m
831 358 1005 419 bruttiani
1025 355 1264 417 losannensis
1282 353 1437 415 Ettscttrt

336 488 435 545 iratres
448 487 536 544 nostri
551 487 640 558 parati
655 484 741 542 simus
755 492 783 539 et
798 482 914 539 libenter
930 484 1079 554 suscipere,
1094 491 1122 538 et
1136 495 1160 552 q
1174 488 1300 550 acceptor
1310 478 1437 535 existam.
1458 475 1533 533 ilndo
1546 474 1618 532 sciat
1635 481 1729 531 sancta
1748 474 1903 546 paternitas
1918 491 1967 534 re-

335 582 486 639 liberaliter
499 578 659 651 adimplere.
682 577 758 633 Sciat
779 578 889 632 iuterim
912 578 1065 647 paternitas
1078 593 1125 632 ue-
1176 584 1246 638 stra,
1273 571 1403 643 quoniam
1429 570 1456 624 in
1478 567 1655 638 petitionibus
1679 568 1801 634 nostris,
1827 583 1890 640 quae
1916 585 1968 628 nee

335 685 405 741 stra,
430 689 480 729 nos
503 672 666 743 quibusdam
683 669 791 725 clericis
807 668 911 723 alendis
925 666 995 739 (tt),
1015 684 1064 739 per
1076 669 1127 723 ali·
1177 663 1282 728 maritae,
1298 679 1349 717 nec
1373 676 1478 732 maguae
1495 658 1606 715 domino
1619 673 1696 729 papae
1719 657 1883 727 oiicruntur,
1898 659 1968 716 diiii·

335 780 405 832 quos
429 764 553 819 dominos
579 774 655 817 meus
680 759 833 817 cardinales
863 757 1014 814 consimilia
1041 774 1125 815 onera
1176 756 1243 811 eiius
1256 762 1385 825 expertus
1397 768 1470 817 sunt,
1487 760 1542 807 tam
1553 767 1600 807 eos
1611 751 1657 820 qui
1669 752 1794 822 petitoria
1811 753 1967 825 porrigunt,

335 858 480 910 rttsiiocre.

553 968 610 1039 66
628 966 794 1025 epistota
813 966 906 1022 xbtx.

525 1075 559 1114 tttt
578 1078 605 1115 Α.
625 1075 653 1114 R·
672 1076 699 1115 ii·
720 1074 933 1115 cidestensium.
1025 1079 1029 1086 “

336 1148 419 1219 lloqot
436 1162 464 1204 nt
482 1151 613 1220 negotium
631 1166 708 1204 snum
720 1151 800 1219 equis
811 1148 946 1216 judicibus
966 1155 1039 1201 rrsret
1055 1162 1127 1200 corn-

371 1219 726 1345 Ζιὲινιθιιὼὲιιιιιιιιεὶιιιιιιιι,
742 1228 857 1274 cremato
867 1218 1070 1287 appeliationem
1083 1217 1126 1269 in·

373 1380 671 1456 Sanctissimodomino
685 1393 713 1437 ct
725 1380 800 1436 Patri
811 1380 844 1435 Α.
857 1380 988 1435 iiomanac
998 1378 1128 1434 Ecclesiae

336 1472 511 1540 cancellario,
527 1473 612 1528 irater
628 1472 785 1529 Successus
808 1471 842 1527 de
858 1469 958 1526 Sancta
978 1468 1127 1534 Genorcia,

337 1563 455 1618 salutem
469 1571 498 1618 et
512 1577 575 1619 cum
597 1562 671 1618 omiti
694 1560 837 1617 deuotione
850 1560 983 1616 sinceram
999 1560 1130 1616 obedien·

338 1655 415 1710 tiam.

373 1746 546 1817 importunus
560 1753 613 1812 est,
630 1753 658 1801 et
673 1743 707 1800 ab
722 1744 846 1815 improbo
857 1760 910 1802 nun
927 1744 1068 1811 recedens,
1080 1742 1127 1815 qui

337 1837 514 1893 sermonibus
540 1838 635 1893 uacuis
658 1837 796 1893 dominum
823 1851 902 1893 strum
937 1838 979 1893 rei
1013 1835 1164 1893 oiiettditii

337 1929 528 1997 tranquillum,
553 1928 596 1983 sel
618 1930 732 1999 impedit
755 1937 929 1999 occupetum.
954 1928 982 1983 ld
1005 1944 1039 1985 ne
1060 1927 1127 1983 utilti

337 2018 456 2084 accidat,
472 2033 531 2085 oro,
546 2029 575 2075 et
589 2022 731 2091 impetrata
755 2022 833 2076 senia
854 2021 961 2090 loquar,
991 2034 1053 2076 cum
1078 2034 1128 2076 occ

339 2122 512 2181 opportunas
528 2122 681 2184 temporum
696 2129 779 2170 uoces
792 2115 935 2187 explorare
948 2113 1065 2179 saluam,
1079 2127 1130 2168 nec

338 2202 374 2257 ad
390 2203 587 2273 explorandum
603 2204 682 2275 louge
704 2207 810 2276 positus
824 2207 972 2263 excubare.
989 2206 1128 2262 Sollicitus

338 2295 393 2349 erit
407 2294 434 2348 in
447 2294 500 2350 hac
517 2306 595 2365 parte
612 2298 755 2366 pronubis
777 2299 893 2353 clericus
909 2307 1008 2363 vester,
1025 2297 1130 2351 amicus

339 2386 435 2441 itidem
450 2395 545 2442 noster
557 2387 708 2451 airardus,
721 2402 802 2456 quem
818 2389 923 2459 experti
938 2403 1033 2445 snmus
1045 2387 1131 2442 irone·

340 2484 383 2531 sto
408 2478 560 2543 consortio,
585 2486 613 2532 et
630 2480 752 2533 suasibus
773 2494 900 2548 gravem,
923 2487 951 2534 et
977 2480 1131 2549 sumptibus

340 2583 393 2634 porr
410 2578 581 2637 gravantem.
597 2569 712 2641 Dignum
729 2584 792 2624 eum
807 2571 946 2626 credimus
960 2579 1035 2627 tanto
1050 2570 1132 2627 Patre

340 2658 382 2714 rei
400 2658 533 2729 sauguine
545 2660 634 2731 jungi,
647 2660 690 2716 rei
704 2659 888 2715 iamliiaritate
900 2660 1006 2716 uinciri.
1019 2660 1048 2717 st
1066 2662 1131 2733 quid

340 2750 365 2806 ci
380 2767 430 2822 pro
445 2751 524 2806 uobis
537 2753 713 2817 contulimus,
726 2752 877 2823 jucundum
900 2752 966 2808 iecit
984 2762 1041 2808 tum
1057 2753 1131 2809 acci·

340 2846 444 2917 pietatis
459 2845 612 2912 humilitas,
628 2855 684 2901 turn
701 2849 852 2903 auctoritas
866 2845 1038 2917 imperantis.
1057 2844 1133 2902 Peti-

341 2937 431 2993 tiuues
445 2946 564 3002 nostras,
580 2937 705 3000 obsecro,
727 2948 842 3007 paterne
857 2937 1023 3002 cusilinatis,
1037 2945 1065 2994 et
1080 2936 1131 2992 atl-

338 3029 425 3099 jecto,
447 3028 775 3100 sremotaappciiationc,
793 3027 940 3096 ramicum,
957 3026 1131 3095 iaciatiseas,

343 3123 366 3176 si
393 3122 493 3192 piacet,
512 3123 673 3179 timentibus
696 3122 781 3177 ileum
800 3121 937 3193 judicibus
960 3122 1130 3179 demandari.

344 3214 440 3273 l'alcat
453 3219 586 3276 sanctitas
597 3228 697 3277 restra.

588 3335 644 3405 67
663 3333 829 3392 epistola
853 3333 884 3389 L.

379 3439 413 3479 ιι
432 3438 586 3491 teneurunt,
602 3440 695 3482 ausim
716 3442 789 3482 rara
807 3438 1008 3482 esnectuatuuts
1027 3422 1096 3493 (82).

345 3515 451 3575 Certum
464 3516 529 3585 {ecit
540 3533 568 3573 se
581 3519 638 3589 rjus
649 3519 746 3573 intuito
759 3520 909 3588 pensionem
921 3516 1026 3572 cuidem
1037 3514 1133 3570 clerico

654 3587 817 3658 persolvisse.

379 3699 644 3759 inconsummandis
661 3703 788 3771 precibus
807 3704 906 3760 restris
924 3717 975 3773 pro
989 3699 1132 3756 AErnaudo

345 3794 449 3851 clerieo
469 3804 559 3853 restro
576 3796 642 3852 milri
656 3797 876 3868 quandocunque
894 3795 1003 3863 oblatis,
1016 3807 1065 3850 nec
1077 3790 1134 3846 dis·

345 3888 486 3945 simulatio
498 3903 542 3945 mc
557 3889 622 3946 iecit
637 3891 769 3954 desidem,
786 3903 837 3944 nec
853 3888 992 3944 simulatio
1005 3889 1133 3956 decepto-

1177 860 1260 916 quam
1272 861 1320 901 cos
1336 845 1382 914 qui
1405 844 1549 899 adrrrittcre
1562 841 1721 898 debuissent
1740 857 1900 899 communes
1922 844 1968 901 iit·

1179 948 1252 993 teras
1270 938 1349 1002 illas,
1371 950 1440 1006 quus
1454 934 1489 990 dc
1514 934 1622 1006 justitia
1644 933 1797 1006 appellant,
1817 936 1844 991 in
1868 935 1969 1007 quibus

1177 1028 1302 1096 Grecos,
1318 1036 1352 1084 'et
1368 1027 1498 1093 Latinus,
1519 1037 1547 1083 ct
1562 1026 1710 1091 barbarus,
1736 1036 1763 1082 et
1779 1026 1880 1099 Scytha
1895 1029 1972 1101 adje-

1179 1119 1427 1175 ctionemcromota
1444 1116 1649 1188 appellationes
1659 1131 1719 1173 sese
1729 1120 1860 1189 consequi
1874 1129 1970 1189 gratu·

1179 1207 1287 1274 lanius,
1299 1223 1350 1263 nos
1361 1208 1407 1277 qui
1430 1206 1562 1277 speciales
1574 1206 1622 1261 lilii
1637 1207 1767 1263 iiomanse
1787 1208 1916 1264 Ecclesiae
1930 1209 1971 1265 di·

1179 1300 1268 1356 cimur
1279 1301 1348 1370 (85),
1363 1316 1415 1356 non
1437 1301 1575 1372 potuimus
1590 1302 1723 1358 obtinere.
1738 1301 1760 1357 0
1774 1301 1879 1359 modica
1895 1302 1971 1371 adje-

1179 1389 1234 1445 ctio
1249 1391 1364 1460 (remota
1389 1390 1583 1462 appellatione)
1601 1406 1683 1462 quarn
1703 1392 1828 1462 speciosa
1844 1392 1916 1449 iacta
1928 1407 1970 1459 es,

1178 1496 1240 1555 que
1254 1482 1337 1539 sices
1362 1482 1478 1540 diiiicilis
1494 1482 1567 1550 iuliis,
1584 1483 1624 1539 sic
1636 1482 1726 1540 iacliis
1737 1482 1850 1541 alienis!

1421 1598 1478 1670 68
1496 1595 1664 1654 uuisioni
1683 1597 1727 1657 tt.

1259 1705 1294 1745 an
1313 1705 1439 1746 rasruert
1456 1705 1574 1746 rosnnett
1594 1705 1628 1745 ne
1646 1705 1751 1747 cancro
1770 1705 1882 1748 sarran.

1283 1782 1383 1853 iiepetit
1396 1784 1429 1837 nb
1443 1785 1499 1852 ipso
1511 1792 1603 1837 metuo
1614 1783 1705 1838 datam
1717 1786 1866 1854 perueniant.

1215 1897 1244 1953 Si
1258 1896 1413 1953 communis
1428 1896 1655 1969 peregrinationis
1670 1904 1697 1953 et
1713 1897 1820 1967 gratie,
1833 1910 1916 1968 quam
1931 1898 1959 1955 ia

1180 1999 1222 2046 ter
1235 1989 1354 2046 eundum
1370 1996 1398 2042 et
1417 1988 1644 2043 corumanendum
1658 1986 1814 2052 habuimus,
1831 1987 1970 2045 meminis·

1179 2095 1234 2148 ses,
1252 2089 1330 2137 certe
1341 2081 1459 2152 gratiam
1475 2095 1526 2152 pro
1541 2080 1628 2151 gratia
1645 2080 1760 2138 reddero
1775 2079 1920 2137 debueras.
1935 2080 1972 2137 dt

1183 2187 1249 2228 uero
1269 2174 1486 2244 comingratum
1510 2181 1537 2227 te
1558 2171 1729 2239 exhibueris,
1745 2179 1775 2225 ut
1787 2186 1855 2243 pace
1870 2180 1916 2227 tua
1931 2171 1973 2228 lo·

1181 2279 1261 2334 quar,
1276 2274 1325 2320 aot
1339 2264 1520 2321 dissimulatio
1535 2272 1563 2320 te
1585 2263 1652 2320 iacit
1671 2264 1805 2328 desidem,
1820 2272 1868 2320 aust
1886 2264 1973 2320 simu·

1181 2356 1247 2412 latio
1261 2355 1445 2426 deceptorem.
1459 2354 1536 2412 Nosti
1549 2356 1614 2426 quia
1628 2370 1691 2412 cum
1710 2356 1745 2411 ab
1764 2353 1838 2411 Urbe
1850 2367 1973 2410 recesse-

1182 2448 1250 2514 rim,
1266 2461 1300 2501 ru
1315 2447 1415 2503 solidus
1437 2448 1630 2515 Parisienscr,
1657 2462 1727 2519 quos
1748 2456 1776 2503 et
1803 2461 1854 2519 ego
1877 2456 1973 2505 mutuo

1182 2556 1364 2613 acceperam,
1388 2542 1435 2597 tibi
1463 2541 1609 2611 plurimum
1633 2542 1756 2613 roganti,
1773 2549 1801 2597 et
1821 2548 1851 2595 ut
1863 2541 1973 2599 dicebas

1183 2631 1400 2703 indigentiam
1424 2632 1514 2687 atinus
1534 2631 1665 2689 benevole
1680 2646 1762 2703 quam
1783 2631 1904 2688 bcneiice
1923 2647 1974 2687 nn·

1182 2722 1297 2779 sacrari.
1314 2722 1427 2791 illapsus
1448 2732 1491 2778 est
1506 2736 1611 2790 annus,
1626 2736 1660 2777 ex
1675 2735 1729 2792 quo
1745 2736 1795 2791 pro
1814 2730 1840 2777 te
1853 2721 1974 2778 creditu-

1182 2812 1260 2869 ribus
1280 2810 1413 2869 satisieci.
1426 2811 1455 2867 Si
1467 2812 1669 2883 computaveris
1689 2828 1796 2880 usuras,
1811 2820 1841 2867 ut
1856 2814 1890 2868 de
1906 2828 1973 2870 cen-

1184 2903 1289 2959 tesimis
1314 2912 1433 2969 taccam,
1456 2904 1539 2958 etiam
1570 2903 1740 2974 quinconces
1763 2914 1865 2962 sortem
1892 2904 1974 2961 iacile

1183 3007 1395 3067 corrseqneutnr.
1421 2994 1546 3050 Nomium
1571 3010 1654 3066 super
1679 2996 1733 3052 buc
1749 2997 1875 3052 abbatem
1895 3005 1972 3053 tuum

1183 3088 1310 3153 conrem,
1327 3086 1446 3142 nondum
1461 3088 1574 3157 exposui
1597 3102 1724 3153 caussam,
1741 3089 1860 3144 nondum
1873 3103 1974 3160 quere-

1145 3168 1237 3232 Clam
1265 3176 1403 3247 proposui,
1426 3189 1544 3245 parcens
1567 3177 1738 3233 verecundiae
1763 3186 1830 3244 tuae,
1857 3192 1975 3250 parcens

1184 3268 1276 3325 ieme.
1292 3268 1385 3325 liedda
1397 3272 1468 3338 quod
1485 3268 1577 3335 dobes,
1590 3278 1620 3325 ut
1634 3270 1697 3340 quia
1713 3271 1873 3342 patientiam
1888 3270 1987 3326 habui·

1184 3359 1213 3416 ia
1231 3369 1274 3427 te,
1286 3361 1320 3416 de
1334 3374 1394 3415 urea
1409 3360 1540 3430 patientia
1555 3375 1664 3431 poenam
1689 3376 1742 3416 non
1766 3360 1855 3431 patiar
1871 3370 1920 3416 aut
1931 3360 1975 3430 ja·

1184 3462 1304 3509 cruram.
1323 3451 1397 3509 Vale.
1414 3451 1511 3510 Frater
1524 3452 1614 3511 (luido
1630 3455 1727 3523 repetit
1743 3468 1758 3507 a
1781 3461 1808 3510 te
1823 3463 1843 3508 's
1856 3451 1908 3510 soi.
1922 3451 1975 3509 suit

1184 3545 1335 3616 quaestione
1344 3545 1438 3611 simili,
1454 3546 1505 3601 sub
1517 3545 1703 3617 indignatione
1717 3546 1785 3618 pari.

1419 3681 1476 3754 09
1499 3680 1667 3741 uctsroct
1684 3681 1740 3739 un.

1308 3792 1343 3833 tit
1364 3789 1535 3834 contraibit!
1553 3791 1676 3831 ΔΒΒΑΤΕΙ
1695 3792 1719 3833 8.
1741 3791 1845 3834 Simi-

1277 3889 1311 3947 Se
1325 3900 1432 3945 excusat
1451 3888 1522 3958 quod
1536 3903 1595 3942 eunt
1605 3887 1717 3942 inrisere
1732 3904 1783 3943 non
1793 3889 1885 3957 possit.

344 3991 412 4033 resur.
431 3979 459 4034 ln
486 3981 532 4036 illa
558 3981 719 4054 aegritudine
739 3996 798 4037 mea
825 3979 966 4045 chronica,
987 3993 1048 4050 quae
1071 3979 1133 4049 pius
1222 3981 1406 4039 sanctissimo
1420 3979 1530 4037 dontinu
1554 3986 1582 4033 et
1603 3978 1677 4032 Patri
1703 3977 1859 4034 Gonertuuo
1881 3980 1973 4036 abbati

344 4069 435 4135 suiuus
458 4086 529 4126 antro
549 4072 661 4128 dimidio
686 4087 729 4126 nuc
749 4069 837 4128 icrme
857 4084 943 4139 usque
962 4070 1132 4126 adextrema
1187 4076 1281 4134 Sancti
1305 4074 1411 4148 saepti,
1427 4074 1514 4130 frater
1534 4071 1703 4139 succussus,
1720 4073 1879 4129 salutemet
1899 4088 1975 4130 mm.

343 4163 473 4231 coniecit,
486 4166 571 4221 sentel
594 4181 656 4222 eum
672 4164 736 4233 ridi,
748 4175 847 4221 etcum
861 4173 890 4221 ut
904 4175 1088 4222 reverteretur
1107 4161 1134 4218 ei
1185 4183 1281 4225 munes
1294 4169 1433 4225 orationes
1446 4166 1473 4221 in
1489 4165 1612 4221 butrino.

344 4256 457 4323 blando.
482 4272 535 4312 ⁰⁰¹¹
553 4255 653 4323 lilaesti,
673 4271 799 4312 ieifflfflte
820 4257 964 4322 dliissiemt
988 4270 1074 4326 ”Silue
1099 4255 1132 4310 ³¹¹
1220 4262 1332 4318 Festum
1345 4268 1386 4316 est
1402 4259 1479 4323 mibi,
1495 4257 1603 4328 quoties
1617 4254 1715 4312 iestiua
1728 4256 1857 4312 memoria
1872 4266 1974 4325 restra,

322 4342 328 4347 '
344 4348 524 4408 Perstecosten
539 4349 604 4404 milri
619 4365 670 4406 ιιι
684 4365 843 4420 comparere
854 4350 950 4416 soluit,
962 4363 1012 4404 nec
1025 4362 1133 4419 parere.
1185 4354 1229 4409 rei
1244 4368 1293 4423 per
1309 4350 1434 4408 nurrtium
1448 4349 1525 4416 mihi,
1541 4348 1582 4404 sei
1593 4361 1642 4418 pes
1655 4347 1800 4417 epistolam
1815 4357 1974 4404 renovatur.

344 4439 454 4497 Extunc
468 4455 517 4510 per
534 4440 612 4495 initia
630 4439 798 4512 singulorum
818 4439 952 4495 mensium
973 4439 1072 4495 iutuitu
1087 4454 1134 4494 re·
1187 4444 1217 4501 si
1239 4446 1300 4515 quis
1323 4444 1375 4500 lmc
1389 4442 1487 4499 iestum
1513 4441 1626 4495 turbare
1647 4437 1775 4505 soluerit,
1790 4438 1834 4492 vei
1854 4438 1974 4507 aulerre,

346 4544 404 4592 stro
419 4549 435 4588 r
450 4533 552 4589 solidos
565 4533 768 4591 Parisiensesei
783 4531 900 4589 conierri
920 4533 1001 4597 iacio,
1018 4548 1068 4588 occ
1082 4531 1135 4587 dii·
1149 4503 1173 4559 ⁰
1187 4537 1266 4604 mibi,
1290 4535 1390 4603 iateor,
1408 4542 1450 4593 est
1473 4532 1600 4590 iniestus.
1622 4531 1790 4616 Sanr³qnod
1813 4532 1847 4587 ad
1874 4530 1974 4589 sessum

343 4624 421 4681 ferii-
439 4625 468 4680 ΕΙ
493 4627 550 4682 ¹¹2⁰
564 4627 691 4694 ‘filistini
703 4641 757 4682 ⁰⁰¹¹
781 4636 811 4682 ¹¹²
831 4626 972 4696 lmli0¹³⁰⁸
987 4627 1039 4680 mei
1060 4641 1135 4681 ⁰⁰¹11·
1150 4600 1166 4631 ο
1186 4641 1339 4703 martyrum
1356 4638 1511 4686 uestrorum
1532 4643 1576 4684 me
1599 4628 1736 4683 charitate
1759 4624 1889 4681 benevola
1906 4626 1976 4680 inri-

345 4716 489 4774 nteudator
503 4732 663 4790 appaream,
680 4719 727 4776 sed
750 4734 784 4775 ue
803 4720 925 4791 ingratus
940 4716 1135 4774 benellciorum
1185 4725 1280 4792 tastis,
1305 4736 1481 4779 communem
1505 4718 1627 4776 laetitiam
1650 4735 1704 4774 non
1726 4732 1838 4784 recuso,
1854 4714 1901 4771 sed
1927 4717 1976 4771 ab·

381 4874 439 4944 (81)
464 4875 593 4932 Solebam
622 4875 720 4932 sumini
745 4873 887 4946 nobiliter
919 4881 947 4930 el
976 4873 1134 4932 cirilbtilet
1186 4883 1347 4954 apostolica,
1361 4888 1390 4937 ut
1404 4880 1507 4951 iegitur
1521 4879 1549 4935 in
1564 4878 1625 4936 vita
1641 4877 1670 4935 S.
1685 4874 1821 4934 Gniiieimi
1836 4876 1909 4946 apud
1923 4873 1977 4930 Su·

346 4946 506 5016 blihildis
529 4947 682 5015 quasdam,
704 4961 771 5017 quas
787 4945 966 5014 ‘issii‘liiiilas
989 4946 1134 5012 imbibi·
1186 4958 1257 5010 rium
1270 4953 1303 5008 ati
1319 4955 1390 5008 ‹liem
1408 4951 1426 5007 6
1445 4951 1565 5024 Aprilis,
1579 4949 1693 5019 sedique
1708 4945 1865 5017 apostolicae
1880 4945 1977 5025 imme-

346 5014 515 5098 btssiiyribliss
534 5015 642 5098 clericis
661 5025 688 5071 et
702 5015 874 5086 aliisquibtii
886 5006 1029 5098 ,blicibdb
1046 5016 1072 5070 5¹¹
1089 5030 1137 5071 οὐ·
1186 5025 1261 5080 diatc
1278 5025 1329 5079 iuit
1349 5023 1483 5094 subjecta,
1505 5021 1588 5078 etiam
1607 5031 1671 5074 ante
1690 5027 1812 5086 tempora
1826 5029 1974 5070 canosnco·

345 5083 1135 5212 ῬΙ“““Ι*1“)’.“’ΫΕΝΜ’“5ω’ῑῖῗῖῐθ*ΡῨΜΙΜἾΜΜΨ
1188 5108 1247 5148 ιιι
1270 5094 1434 5175 regularium
1457 5094 1546 5148 denuo
1571 5091 1600 5147 in
1621 5089 1879 5211 eansuirductorgm
1901 5096 1976 5209 ῗιῖιι

346 5167 1017 5296 m{3⁰25Fruiilnaltsigngniisesseegnffiffszadg·liora
1033 5226 1132 5296 dictus,
1186 5158 1836 5302 mdctgogailtilniieffeiffismaffitoDiiboiiffmiiis
1855 5169 1976 5281 aaran

347 5297 480 5378 reiigione
495 5313 562 5354 reso
573 5294 776 5358 cisterciensis,
791 5297 922 5352 diaconus
939 5296 1087 5352 cardinalis
1103 5297 1132 5355 S.
1187 5301 1314 5374 lijnsdem
1331 5302 1458 5358 Ecclesiae
1473 5300 1561 5356 clerici
1571 5316 1630 5354 curn
1643 5299 1790 5371 patrocinio
1804 5296 1882 5368 repis,
1894 5303 1975 5348 etrum

344 5366 1134 5437 Mindi·ib·id¹‘i³¹¹⁰lV0¹'t·²l¹¹S·Militis3¹¹inillam
1186 5377 1257 5430 settis
1289 5371 1439 5443 apostolicos
1467 5372 1578 5426 tuitione
1606 5369 1807 5439 cotrgoudeunt,
1829 5367 1976 5419 claustrum

346 5438 447 5492 missus
468 5440 559 5494 estad
577 5437 783 5509 impertiendam
806 5435 1002 5492 absolutionum
1016 5435 1135 5493 ilenrico
1185 5460 1288 5516 qnoque
1308 5445 1425 5512 ipsorum
1442 5444 1469 5496 in
1490 5458 1520 5496 er
1554 5457 1615 5494 nom
1638 5441 1765 5493 irretenus
1781 5436 1872 5491 irobnit
1897 5434 1977 5487 iiber.

346 5505 378 5572 i',
394 5517 537 5589 postquam
553 5509 586 5567 de
601 5509 708 5591 neces,
725 5505 836 5564 Titurnte
850 5521 880 5563 se
897 5517 1050 5579 purgasset.
1063 5507 1132 5564 Cast·
1186 5525 1239 5570 rnre
1259 5511 1430 5570 perpetualis
1452 5513 1478 5568 in
1493 5456 1573 5594 linita
1590 5509 1702 5580 Eugenii
1723 5507 1772 5569 ili,
1796 5519 1868 5588 norro
1893 5502 1974 5583 iiiii,

346 5578 519 5701 Repertus}
541 5580 578 5706 ll.¹
588 5580 620 5635 E.
646 5589 787 5664 tostttuttffs
801 5577 902 5702 est'qatb¹
916 5577 1132 5704 ΑΙιΙιιιῑιιιιοέΙῗ.
1187 5585 1245 5665 trane
1260 5584 1393 5704 labentius
1403 5598 1415 5665 ,²
1432 5580 1621 5662 Connstnsmns
1633 5594 1736 5701 qnoqsff‘e
1756 5587 1782 5629 ut
1797 5574 1978 5712 ιιιιιοαπῖςὲἓὲ.

348 5661 531 5854 ιιιίίἓὲιξιὶιςιιιι
550 5668 568 5804 p
581 5662 780 5851 ubresGscnpsItt
805 5663 895 5858 agneo
905 5666 956 5804 as·
976 5669 988 5703 ι
994 5665 1067 5848 diega
1091 5664 1134 5847 ζει
1186 5667 1571 5783 plqcscclogqatrinqparsffflezrtsr
1589 5663 1690 5705 tnntruu
1731 5661 1861 5716 orrrnnop
1967 5680 1977 5720 ,

492 5808 576 5849 cesta
616 5835 622 5848 .
669 5809 789 5852 cuonem
834 5807 972 5851 aristensis
1014 5809 1020 5848 ι
