4425 6450
352 373 419 429 tttl
991 368 1094 427 enini
1114 365 1353 426 etctattuttsts·
1916 371 1992 424 titt

352 488 428 543 culos
446 485 659 542 Amaleeitarum
685 500 752 556 qaros
767 485 836 540 eitra
852 485 962 550 durirnn
978 484 1064 538 ltcsnr
1080 482 1143 536 lati-
1157 482 1180 538 d
1195 490 1315 538 ruotunm
1346 482 1488 537 eharitatis
1505 483 1582 538 istius
1598 484 1630 535 ad
1644 498 1740 537 orrrnes
1756 493 1845 538 rrrotus
1858 484 1988 539 clrarita-

351 592 430 653 gatos
453 582 573 646 dimisit,
595 589 623 635 et
651 594 699 635 eos
725 596 788 635 euur
812 581 909 649 quibas
936 580 1075 633 insecutus
1099 588 1141 631 est
1194 576 1239 642 tis,
1255 576 1335 630 simul
1351 574 1436 639 illins,
1452 574 1488 629 ita
1503 574 1587 641 quod,
1603 575 1626 628 si
1652 574 1703 628 sibi
1719 591 1750 629 ex
1766 590 1844 645 aquo
1868 589 1989 644 respon·

340 654 447 745 ‘aequali
462 672 653 730 distributione
664 672 761 741 praedae
771 672 953 728 remuneravit
966 670 1043 743 (llep.
1061 672 1138 741 xrs).
1193 672 1287 732 deam,
1305 682 1398 737 parem
1413 667 1514 722 trabere
1526 668 1654 722 dieantur
1674 666 1850 722 charitatem.
1868 667 1929 722 Non
1943 679 1988 724 est

340 780 349 820 a
388 765 441 820 Sed
463 775 560 820 eontra
585 763 736 833 objicitur:
753 764 841 820 Penes
867 779 960 836 parens
980 762 1139 818 elur-itatem
1192 759 1359 813 attendenda
1372 760 1542 827 comparatio
1553 758 1634 813 unius
1649 759 1683 812 ad
1699 774 1799 822 unurn,
1812 760 1882 815 sicut
1896 761 1922 815 si
1937 776 1988 815 se-

334 846 394 911 'est
420 856 629 925 parnrcritum,
648 866 676 911 ει
694 871 777 926 penes
792 870 885 927 parem
903 854 1073 910 voluntatem
1097 865 1141 908 est
1193 849 1239 905 lirn
1261 850 1406 907 ostendere
1430 851 1500 906 duos
1528 852 1597 907 istos
1619 864 1680 905 csse
1704 863 1785 920 pares
1810 851 1836 905 in
1866 852 1987 916 divitiis,

351 962 401 1016 par
415 947 553 1012 meritum.
567 955 594 1003 ει
608 948 634 1003 in
649 948 708 1018 pari
728 948 863 1004 charitate
875 956 916 1003 est
934 948 1026 1017 dispar
1041 945 1140 1001 nolun-

331 1065 336 1115 1·
350 1048 401 1095 tas.
419 1039 542 1109 Ergone}
558 1041 584 1095 in
600 1041 659 1111 pari
682 1042 818 1098 elmritate
832 1049 874 1097 est
889 1042 982 1113 dispar
1001 1041 1139 1106 merinrm,

349 1131 391 1185 vel
405 1133 545 1203 indispari
562 1132 701 1189 voluntate
721 1143 764 1189 est
778 1148 828 1203 par
845 1134 989 1189 meritum:
1004 1133 1075 1203 qnod
1090 1149 1139 1189 nc·

349 1227 468 1282 cessario
494 1229 593 1284 accidit
614 1229 635 1284 si
662 1229 695 1284 de
710 1229 763 1284 ista
789 1236 908 1292 constet,
927 1228 1000 1298 quod
1028 1228 1056 1283 in
1078 1228 1138 1298 pari

349 1320 484 1375 enaritate
496 1322 531 1376 sit
547 1321 639 1389 dispar
656 1318 782 1376 rolrrntas
795 1337 802 1384 ;
816 1321 888 1390 quod
906 1319 943 1375 ita
966 1319 1138 1375 ostenditur:

347 1408 414 1466 Esto
430 1411 504 1466 enirn
516 1412 589 1482 qnod
603 1411 711 1466 bicsint
726 1411 779 1466 dno
791 1397 1030 1480 lrabcntes'parcrn
1044 1411 1138 1464 clrari-

349 1508 433 1555 tatem
462 1503 508 1571 qni
533 1512 677 1557 rnorentur
696 1503 729 1557 ad
758 1503 829 1556 idern
853 1516 921 1570 opus
943 1501 1139 1555 misericordiae

348 1590 560 1660 impendendum
591 1593 655 1648 lruie
684 1593 820 1663 patrpcri;
846 1592 893 1647 sed
924 1591 994 1646 alter
1020 1591 1138 1646 naturali

349 1694 425 1738 nrotu
439 1686 526 1756 magis
540 1686 573 1738 ad
589 1684 614 1739 id
629 1693 752 1738 movetur
763 1699 795 1739 eo
812 1684 883 1753 quod
901 1681 959 1751 ejus
984 1683 1072 1736 lrater
1091 1682 1138 1747 sit,

1192 944 1314 998 omniurn
1329 941 1409 997 simul
1433 942 1589 997 divitiarum
1618 941 1698 998 istius
1709 941 1743 997 ad
1768 941 1878 998 divitias
1900 943 1988 1007 iltius.

1193 1049 1245 1089 non
1263 1034 1444 1104 quarumdam
1460 1033 1493 1087 ad
1505 1034 1635 1104 quasdam
1646 1031 1771 1089 iacienda
1783 1041 1827 1089 est
1837 1050 1988 1103 compara-

1193 1128 1240 1191 tio,
1256 1126 1291 1182 ile
1308 1137 1336 1182 ει
1349 1126 1375 1182 in
1389 1126 1520 1191 scicntia,
1537 1142 1591 1182 non
1608 1126 1691 1181 unius
1704 1125 1739 1181 ad
1751 1140 1843 1187 tinam.
1859 1128 1909 1182 sed
1925 1143 1988 1182 onr-

1193 1221 1267 1275 uiurn
1279 1221 1312 1275 ad
1325 1234 1421 1275 omnes
1438 1218 1521 1290 226
1536 1217 1569 1272 ad
1585 1219 1635 1274 linc
1653 1225 1681 1273 ut
1706 1217 1806 1288 aliquis
1818 1218 1872 1273 alio
1893 1221 1989 1275 scien-

1192 1315 1246 1369 tior
1260 1316 1431 1369 ostendatur.

1228 1405 1375 1461 Sciendum
1389 1416 1480 1460 tanton
1496 1414 1537 1460 est
1550 1406 1621 1476 qrrod
1632 1421 1695 1460 eum
1712 1416 1794 1477 penes
1815 1405 1986 1460 elmritatsm

1191 1497 1225 1552 sit
1242 1512 1292 1566 par
1307 1496 1447 1561 meritum,
1468 1506 1495 1553 et
1507 1510 1592 1565 penes
1606 1510 1700 1566 parem
1716 1495 1886 1550 uoluntatem
1903 1496 1986 1550 sinri-

1191 1588 1265 1655 liter,
1281 1589 1333 1643 alia
1352 1599 1394 1644 εει
1410 1590 1481 1646 ratio
1493 1590 1574 1661 lrnjus
1589 1590 1665 1653 dicti,
1678 1589 1731 1643 alia
1745 1588 1828 1643 illius.
1844 1586 1915 1643 Nam
1933 1589 1985 1651 ibi.

1191 1697 1281 1752 penes,
1295 1690 1372 1735 nutat
1397 1696 1508 1738 cansam
1522 1681 1704 1747 efficientem,
1721 1682 1765 1737 bie
1786 1681 1985 1736 atteteritatern

349 1786 456 1833 eertrnn
469 1787 512 1831 est
532 1778 605 1846 quod
619 1776 663 1831 ille
680 1776 705 1830 in
722 1791 775 1847 qrro
796 1774 883 1844 nraJor
894 1784 934 1831 cst
951 1784 1043 1831 motus
1060 1782 1140 1830 natu·
1156 1817 1178 1872 B
1192 1774 1340 1842 quamdam
1355 1775 1475 1830 ruerendi
1495 1776 1567 1829 eirea
1591 1774 1774 1838 voluntatem,
1792 1789 1853 1844 qua
1871 1776 1985 1844 qrridern

349 1869 415 1923 ralis
429 1868 543 1938 pronior
565 1878 607 1925 ost
631 1870 665 1924 ad
681 1861 883 1934 miserendum,
902 1876 931 1923 et
954 1868 990 1923 ita
1006 1866 1138 1937 nrarjoronr
1192 1867 1252 1922 sine
1264 1881 1346 1937 opere
1357 1867 1496 1925 meritoria
1514 1877 1565 1923 est.
1579 1864 1653 1938 Opus
1665 1877 1755 1923 autern
1767 1882 1909 1937 nunquam
1925 1867 1986 1922 sine

348 1959 431 2014 lrabet
446 1960 623 2027 voluntatem,
638 1975 701 2015 enm
713 1970 804 2015 tamen
821 1973 915 2029 parem
938 1958 1057 2014 habeant
1074 1960 1140 2014 clm·

349 2053 470 2105 ritatem.
493 2051 526 2105 Et
554 2052 605 2107 hoe
629 2051 786 2108 derristo
814 2065 914 2120 negare
938 2050 1001 2121 qrtis
1029 2051 1140 2120 potest?

349 2142 411 2196 Non
441 2143 514 2196 enirn
536 2157 708 2212 quascunque
727 2142 813 2196 voluit
837 2143 942 2212 pariter
965 2141 1067 2207 nolint,
1084 2157 1138 2193 nort

350 2234 426 2286 cninr
440 2232 568 2288 dixisset:
585 2232 723 2287 Desiderio
745 2233 892 2287 desiderari
907 2234 1068 2286 mrrnducnre
1089 2231 1139 2283 lroc

349 2320 455 2376 Parcdn
482 2324 614 2378 nobiscnm
637 2322 714 2394 (bne.
732 2323 809 2394 surr).
823 2322 960 2392 Baptismo
975 2322 1056 2375 liabeo
1073 2321 1137 2389 bup-

348 2416 428 2468 tianri
451 2425 476 2470 ει
499 2416 629 2487 quomodo
652 2424 775 2469 coutetur
799 2416 881 2468 donec
906 2413 973 2467 illud
996 2410 1139 2479 irnplentrrr

348 2507 476 2579 (erc.xn
491 2510 512 2578 l,
531 2510 581 2563 nisi
607 2508 701 2578 majori
725 2510 827 2562 virtute
853 2508 909 2578 (ιδ)
932 2508 982 2562 line
1007 2506 1139 2563 voluisset

347 2617 430 2671 utram
446 2599 519 2673 loqui
535 2602 641 2658 mulieri
656 2602 849 2656 Samaritanae.
863 2600 974 2655 Certum
989 2608 1033 2655 est
1055 2599 1138 2670 igitur

347 2708 409 2747 eurn
436 2694 528 2763 aliqua
556 2693 704 2765 dispariter
738 2694 867 2750 noluisse.
899 2693 1014 2750 Constat
1047 2701 1137 2748 tamen

348 2790 422 2857 quod
437 2805 545 2858 sernper
565 2804 659 2859 parem
675 2790 771 2846 imbuit
793 2789 974 2853 ellaritatem,
1000 2795 1092 2859 utpote
1110 2788 1138 2843 in

1192 1955 1344 2012 noluntate.

1227 2046 1322 2103 Potest
1336 2056 1426 2104 antem
1437 2062 1546 2103 morere
1558 2049 1631 2119 qnod
1646 2049 1803 2105 dictumest
1818 2051 1852 2113 si,
1868 2064 1984 2121 genera·

1192 2140 1254 2194 liter
1272 2140 1448 2211 intelligatur,
1461 2143 1567 2197 scillcet
1581 2161 1588 2196 ι
1603 2143 1686 2199 Penes
1713 2161 1803 2210 parem
1825 2146 1984 2199 clrnrr'trrtera

1190 2244 1228 2287 est
1250 2249 1300 2301 per
1325 2234 1541 2289 „carrionensis
1567 2234 1640 2290 eninr
1663 2236 1802 2304 quoditie
1828 2246 1893 2289 sunt
1918 2239 1982 2296 cluo,

1191 2338 1307 2394 quorum
1332 2324 1400 2380 alter
1425 2325 1586 2383 adolescens
1600 2337 1643 2381 est
1658 2342 1737 2397 quem
1762 2327 1858 2382 incitat
1890 2327 1983 2383 lcrror

1192 2416 1283 2473 aetatis
1294 2417 1328 2471 ad
1345 2418 1497 2485 libidinem,
1517 2428 1544 2474 et
1556 2422 1679 2475 maxima
1701 2419 1771 2474 lneta
1785 2421 1902 2484 resistit;
1916 2420 1985 2474 :dtsr

1190 2508 1346 2577 decrepitus
1359 2517 1401 2564 est
1415 2523 1506 2578 parem
1523 2509 1627 2566 babens
1637 2510 1809 2575 eltanitatcrn,
1822 2511 1912 2564 nullas
1923 2526 1985 2565 serr·

1192 2600 1261 2655 tiens
1286 2600 1425 2657 molestias
1461 2601 1563 2658 earnis.
1601 2600 1649 2658 lsti
1677 2603 1731 2659 duo
1755 2617 1850 2672 parem
1884 2605 1986 2659 lmlrent

1191 2691 1367 2756 elrariratcrn,
1379 2707 1445 2763 ergo
1459 2694 1515 2762 pari
1534 2693 1646 2764 praemio
1660 2703 1724 2748 snnt
1738 2693 1826 2763 digni,
1839 2696 1914 2764 qnod
1935 2695 1985 2747 inr-

1190 2784 1333 2854 probatur,
1346 2787 1410 2853 qtria
1422 2783 1473 2839 tltr'
1486 2786 1572 2855 nrrtjur
1581 2785 1661 2848 lucto,
1671 2786 1707 2838 ill
1718 2787 1806 2855 rrrup'or
1816 2802 1929 2848 sororem
1939 2788 1989 2840 sed

347 2895 400 2949 qna
415 2896 464 2935 nee
477 2882 610 2951 prolicere
623 2881 723 2951 potuit,
738 2896 788 2936 nce
803 2882 930 2938 dedecro.
943 2882 1020 2937 Unde
1033 2882 1059 2935 in
1076 2896 1138 2936 onr-
1191 2877 1321 2945 rualorem
1338 2877 1438 2932 luctam
1464 2879 1582 2934 sustinet
1599 2878 1759 2934 adolescens
1774 2894 1857 2948 qrranr
1883 2895 1986 2941 senex,

348 2972 429 3026 nibus
441 2973 546 3041 pariter
561 2971 611 3026 sibi
625 2974 736 3027 meruit.
754 2972 847 3028 Potest
862 2973 944 3044 igitur
957 2974 982 3029 in
998 2973 1056 3042 pari
1071 2972 1138 3028 elm-
1190 2984 1256 3040 crpn
1274 2968 1334 3039 plus
1351 2980 1482 3025 merctur.
1497 2968 1673 3040 Propterlroc
1694 2971 1809 3025 dicimus
1825 2970 1899 3040 qttod
1920 2971 1987 3027 licet

295 3105 299 3110 .
349 3062 433 3116 ritate
447 3077 508 3118 esse
522 3061 615 3132 dispar
629 3062 778 3130 noluntas,
800 3075 828 3119 et
840 3066 877 3119 ita
900 3079 950 3135 par
967 3066 1094 3120 meriturn
1110 3064 1136 3119 in
1190 3061 1217 3115 in
1231 3062 1354 3130 lroeplns
1366 3075 1505 3118 mercatur
1519 3062 1680 3119 adolescens
1692 3079 1773 3133 qrram
1787 3074 1987 3129 senex,tarnen

347 3152 452 3226 dispari
466 3154 618 3221 vuluntate,
632 3155 654 3209 si
681 3169 790 3227 semper
806 3156 832 3209 in
858 3157 917 3226 pari
939 3157 1074 3211 clmritate
1088 3143 1174 3226 parC
1192 3153 1282 3208 inalio
1293 3168 1378 3209 senex
1394 3154 1454 3226 plus
1476 3164 1598 3209 merctur
1611 3170 1693 3223 quam
1717 3154 1890 3212 adolescens.
1905 3133 1986 3211 'Ciam

347 3251 485 3303 meritrnn.
501 3249 642 3317 Quomodo
655 3263 719 3320 ergo
734 3250 849 3304 solvitur
865 3249 939 3319 qrrod
961 3249 1135 3304 dictumest:
1191 3248 1264 3302 enirn
1280 3263 1374 3317 parern
1398 3248 1518 3303 lrabcant
1541 3248 1723 3316 clraritatcnr,
1750 3248 1925 3318 impossibile
1941 3261 1986 3306 est

346 3338 381 3397 ln
392 3343 454 3411 pari
470 3341 604 3396 colmanne
617 3358 668 3411 prr
680 3343 802 3395 acerinam
814 3343 827 3395 l
837 3342 879 3396 lid
898 3343 948 3396 lme
959 3341 1054 3396 dicunt
1065 3342 1136 3410 qrrod
1191 3340 1263 3408 ntrod
1274 3340 1396 3395 ebaritas
1409 3340 1435 3395 ln
1454 3354 1487 3396 eo
1503 3341 1538 3396 sit
1554 3342 1652 3398 otiosa.
1668 3341 1824 3397 Auctoritas
1839 3357 1905 3397 tero
1918 3341 1985 3396 illa:

345 3431 503 3486 voluntates
518 3429 649 3487 dicuntur
665 3448 756 3503 pares,
772 3433 813 3488 nel
838 3433 864 3489 iu
888 3433 1040 3504 quantitate
1053 3432 1094 3489 vel
1112 3434 1137 3487 in
1192 3428 1242 3486 llll
1261 3432 1349 3502 rnnjor
1363 3431 1434 3487 lucta
1448 3432 1485 3486 iii
1500 3433 1587 3504 nrnjor
1599 3449 1708 3503 rororis,
1724 3446 1778 3489 uon
1789 3434 1987 3491 universaliter

346 3521 479 3576 borrltate.
495 3519 613 3577 Possunt
625 3537 692 3595 orgo
707 3523 733 3578 ln
750 3524 809 3595 pari
821 3525 958 3580 charitate
969 3539 1028 3580 csse
1042 3525 1138 3579 solun·
1191 3522 1377 3595 intelligenda.

347 3621 418 3666 tates
435 3612 581 3682 dispariter
608 3614 742 3682 intensae,
767 3618 814 3672 sed
838 3626 928 3671 tamen
949 3617 1053 3685 pariter
1073 3627 1138 3672 sunt
1225 3614 1305 3681 ltern,
1321 3617 1372 3671 iste
1385 3618 1463 3689 virgo
1477 3627 1504 3672 ει
1519 3617 1563 3673 lric
1576 3616 1736 3690 eortiugatns
1757 3631 1849 3687 parem
1876 3619 1987 3675 babent

344 3704 434 3759 bonae.
449 3703 502 3759 Sed
526 3709 660 3774 quaeritur
675 3724 708 3763 an
726 3709 856 3765 sinriliter
872 3719 961 3764 motus
988 3709 1138 3780 dispariter
1191 3708 1377 3765 charitatem:
1394 3711 1458 3766 lnrie
1474 3712 1573 3782 virgini
1598 3712 1713 3767 debetur
1735 3710 1842 3766 fructus
1860 3718 1986 3768 centesi-

346 3795 447 3851 intensi
468 3810 501 3851 ex
516 3799 575 3868 pari
589 3799 727 3854 clraritate
740 3802 794 3856 sint
808 3801 912 3872 pariter
926 3801 1000 3856 boni.
1017 3802 1070 3856 Sed
1086 3803 1137 3859 lmc
1191 3817 1262 3857 tuns.
1278 3802 1349 3873 Ergo
1364 3814 1391 3857 et
1404 3802 1468 3858 buic
1488 3805 1641 3875 eonJ‘rrgato,
1666 3804 1707 3857 rcl
1725 3803 1751 3857 in
1771 3803 1831 3873 pari
1848 3804 1986 3860 charitate

346 3888 427 3944 aliter
449 3900 491 3946 est
513 3892 577 3950 utria
603 3893 649 3964 qul
667 3891 810 3959 intensior,
833 3904 876 3950 cst
893 3894 1056 3965 simpliciter
1079 3910 1137 3951 me-
1190 3895 1336 3964 estdispar·
1354 3897 1494 3951 rneriturn.
1522 3896 1584 3953 ldeo
1602 3897 1742 3952 selendum
1763 3906 1806 3952 εει
1832 3898 1984 3967 quodcum

345 3982 407 4036 lior.
1190 3989 1301 4051 dicitur,
1317 3987 1471 4058 coniugatis
1486 3989 1601 4043 debetur
1617 3988 1722 4043 lrnctus
1737 3988 1908 4053 tricesimus,
1921 4004 1985 4044 con·

383 4072 498 4127 bublum
513 4085 555 4129 est
571 4084 660 4130 tamen
683 4091 717 4130 au
733 4091 767 4131 es
788 4078 848 4148 pari
871 4079 1006 4136 claritate
1028 4092 1137 4152 possint
1190 4081 1343 4136 timentibus
1355 4080 1542 4150 sexagesimus
1562 4090 1590 4136 ει
1615 4080 1768 4151 uirginibus
1796 4080 1982 4148 centesimus,

348 4180 409 4219 esse
426 4177 516 4222 motus
530 4168 680 4240 rlispariter
691 4169 803 4227 intensi.
820 4170 895 4238 Quod
912 4173 947 4227 ita
962 4174 1135 4231 ostenditur:
1191 4184 1245 4224 non
1257 4170 1411 4225 ostenditur
1438 4167 1591 4224 differentia
1616 4170 1776 4239 qrrantitatis
1801 4170 1913 4239 praemii
1943 4185 1984 4225 se·

343 4255 410 4312 Esto
425 4260 498 4325 quod
510 4259 651 4330 aliquidne
664 4261 690 4316 in
704 4261 839 4318 clmeitate
852 4266 1057 4320 transeanturad
1069 4280 1138 4335 opus
1190 4262 1308 4318 cundurn
1325 4261 1507 4319 dillerentiarn
1523 4264 1685 4334 qrrantitatis
1699 4265 1861 4320 meritorum
1884 4281 1900 4320 a
1925 4266 1983 4338 qui·

347 4348 543 4405 misericordiae
567 4351 776 4420 impendendum
798 4356 909 4425 pauperi
931 4355 1075 4424 religioso,
1088 4359 1136 4414 sed
1191 4356 1241 4412 bus
1257 4358 1325 4412 liunt
1336 4357 1574 4413 denominationes
1593 4358 1777 4426 praemiorum,
1791 4373 1855 4413 eum
1871 4362 1983 4430 capiens

347 4438 417 4492 alter
431 4438 595 4495 lamiliarins
619 4456 684 4495 usus
699 4452 741 4497 cst
766 4443 826 4512 ejus
851 4447 1070 4504 conrersatione.
1089 4448 1136 4505 Sic
1151 4447 1310 4539 „trucium
1324 4448 1507 4504 esrrtesimunr
1536 4449 1673 4505 interdum
1693 4449 1809 4504 minoris
1834 4454 1873 4505 slt
1894 4452 1981 4507 ureriti

344 4531 455 4585 videtur
469 4532 554 4601 qnod,
577 4531 640 4587 lieet
653 4532 688 4587 sit
714 4550 763 4604 par
782 4537 921 4602 ebaritas.
943 4539 1013 4595 alter
1043 4551 1134 4598 tamen
1190 4541 1316 4609 eripiente
1328 4539 1445 4594 lruetum
1459 4540 1650 4595 tricesimum:
1674 4540 1721 4595 scd
1739 4541 1773 4594 ab
1795 4541 1837 4595 bis
1861 4542 1983 4597 nurucris

343 4624 441 4693 nrajori
459 4635 533 4681 motu
547 4625 690 4681 eharitatis
712 4639 836 4686 ureretur
861 4630 895 4686 ad
917 4634 1133 4690 subueniendum
1189 4633 1260 4685 durat
1274 4630 1515 4686 dorrnnrlnationes
1531 4640 1640 4700 propter
1653 4630 1873 4699 signiticationes
1888 4647 1982 4687 eorum

342 4718 461 4787 stanam
485 4718 567 4786 alter,
587 4727 615 4774 ει
631 4722 668 4775 ita
688 4735 722 4776 ex
744 4724 804 4793 pari
819 4724 955 4779 clraritate
978 4730 1132 4795 procedunt
1188 4723 1234 4778 ubi
1250 4722 1315 4780 alibi
1340 4723 1549 4790 determinatur,
1575 4742 1627 4781 non
1659 4736 1769 4798 propter
1795 4725 1982 4783 differentiam

342 4819 434 4865 urotns
450 4811 752 4882 disparitcrrnerltorli.
766 4817 792 4871 ln
807 4831 862 4887 qrto
873 4819 956 4888 igitur
966 4821 1132 4876 attendenda
1187 4818 1351 4888 quantitatis
1364 4834 1372 4884 ;
1385 4818 1427 4873 trel
1441 4821 1511 4875 l'urte
1529 4831 1559 4876 ul
1572 4822 1732 4877 ostendatur
1750 4824 1822 4891 qnod
1848 4832 1983 4892 qrranturu

342 4911 385 4955 cst
407 4904 510 4967 paritas
536 4904 703 4962 elraritatis‘l
725 4906 853 4980 Numquid
882 4926 935 4967 non
961 4913 987 4967 in
1016 4912 1133 4983 paritate
1188 4926 1217 4966 ss
1232 4920 1363 4981 superant
1378 4911 1415 4966 illi
1428 4913 1533 4967 rrurneri
1548 4913 1574 4967 in
1587 4915 1750 4984 qrrantitate,
1768 4922 1880 4968 tanturn
1894 4925 1921 4969 ει
1940 4914 1983 4969 isti

342 4997 488 5049 nrotuunrl
508 4998 563 5053 iuro
587 5000 693 5069 utiquc.
719 5003 845 5062 Charitas
863 5006 920 5076 (ll)
941 5009 1014 5064 enim
1032 5024 1132 5065 securi·
1188 5014 1276 5058 status
1287 5005 1312 5056 in
1327 5004 1469 5074 dignitate.
1485 5003 1553 5058 Nam
1565 5015 1696 5076 qnantum
1708 5006 1889 5061 centenarius
1902 5020 1983 5062 sera·

342 5083 406 5138 dnm
422 5100 452 5140 se
467 5100 518 5142 nec
540 5088 702 5160 intenditur,
719 5110 768 5149 nee
788 5097 947 5168 remittitur,
968 5101 1016 5156 sed
1037 5116 1133 5155 seeun-
1186 5097 1319 5168 gesilarurn
1335 5107 1445 5167 strperat
1459 5099 1620 5166 qrrantitate,
1635 5107 1741 5153 tanturn
1752 5108 1780 5152 et
1792 5107 1887 5152 status
1899 5099 1984 5169 rirgi·

342 5178 406 5234 dunr
430 5178 642 5237 electionum
667 5194 757 5240 tanton
773 5189 931 5260 qrricunquc
946 5191 1041 5260 majori
1056 5205 1132 5249 motu
1187 5192 1257 5247 nalis
1282 5202 1382 5248 statum
1407 5194 1584 5250 eorrtineutiae
1606 5196 1632 5251 in
1657 5195 1799 5266 dignitate.
1826 5195 1861 5249 Et
1890 5207 1982 5251 tarrren

340 5273 485 5329 clraritatis
500 5282 625 5329 meretur
642 5276 675 5330 ad
701 5277 804 5345 aliquid
829 5296 910 5349 qrranr
932 5283 1017 5350 alius,
1045 5287 1079 5340 ad
1104 5287 1131 5339 id
1185 5283 1416 5355 aliquisdcstatu
1433 5287 1568 5358 virginmn
1585 5288 1700 5343 minoris
1713 5297 1755 5342 cst
1777 5288 1872 5342 meriti
1890 5289 1984 5359 aliquo

341 5363 474 5431 ”wiltuim
490 5363 572 5421 habel
587 5365 750 5424 charitatem
776 5383 857 5439 quarn
876 5371 938 5437 illo,
953 5390 1016 5429 corn
1042 5379 1130 5446 possit
1185 5377 1218 5433 de
1245 5387 1315 5435 statu
1338 5382 1642 5449 condamnationem,
1663 5383 1714 5437 iste
1736 5382 1869 5451 prraelatns
1885 5395 1915 5438 ει
1932 5386 1985 5439 iste

339 5456 504 5513 illernoreri
521 5459 617 5528 rnajnri
644 5471 717 5516 motu
742 5463 884 5517 clraritatls
910 5480 992 5533 qrratn
1017 5468 1068 5522 iste
1095 5471 1128 5522 ad
1184 5474 1309 5528 subditus
1327 5489 1418 5544 parent
1436 5475 1802 5545 liabentclraritatern,or·pn
1826 5479 1891 5548 pari
1915 5493 1987 5541 prae-

339 5553 422 5608 idern.
439 5552 572 5609 Facienda
589 5566 630 5610 est
646 5555 718 5611 eninr
740 5557 862 5626 rpucolarn
876 5559 984 5616 collatio
999 5564 1122 5618 onmium
1185 5568 1239 5621 rnie
1261 5577 1324 5622 snnt
1345 5569 1429 5638 digni.
1447 5568 1500 5625 Sed
1514 5580 1609 5626 eontra
1624 5571 1663 5628 sie
1680 5588 1686 5624 :
1703 5568 1771 5626 lluie
1797 5573 1922 5640 praelato
1938 5575 1988 5630 de·

375 5731 430 5796 (13)
449 5733 546 5789 Eadem
566 5737 649 5793 lmbes
665 5739 733 5792 inira
752 5742 817 5796 dist.
837 5739 865 5807 d,
881 5756 906 5797 e.
921 5743 965 5798 ld.

374 5802 430 5870 ιιιι
457 5803 494 5856 lta
511 5819 708 5877 consequenter
729 5813 851 5884 quidem,
877 5814 923 5869 sed
945 5814 1034 5884 male,
1060 5831 1121 5873 curn
1137 5817 1218 5885 liant,
1235 5827 1256 5883 t,
1269 5814 1295 5870 d.
1310 5812 1354 5881 tl,
1368 5811 1382 5886 5
1397 5813 1430 5903 lt.
