4425 6450
283 399 321 455 25
686 398 881 457 settttotvtts
900 434 935 446 -
953 402 1056 460 subit.
1079 402 1122 458 lll.
1141 402 1175 457 tv
1194 401 1336 463 tuterit
1355 404 1484 464 bottttd.
1882 409 1916 464 id

283 514 398 575 seientia
415 513 524 585 purgari
551 528 565 567 a
589 512 674 579 vitiis,
690 525 719 571 et
736 516 909 571 subintrante
929 515 1072 586 prudentia
1087 520 1111 575 Α
1125 517 1200 571 visits
1213 525 1276 572 tuus
1290 515 1404 586 bullitur,
1417 519 1492 574 dices
1505 518 1568 587 quia
1581 493 1773 587 bumilitatem,
1789 537 1916 578 nauusue-

285 608 379 665 uruari
393 606 488 675 incipit
502 605 651 662 virtutibus
671 619 699 661 et
712 607 791 663 bonis
812 609 943 663 moribus.
959 609 1074 675 Qrtartu,

285 716 350 755 cum
359 701 416 768 latu
431 701 545 755 virtutes
556 707 598 756 est
610 700 735 770 adeptus,
746 715 841 769 purum
853 700 927 755 estei
939 702 1076 755 abstinere

284 809 300 846 a
317 791 402 857 vidis,
416 792 462 848 sed
478 808 528 863 per
542 792 704 847 suavitatem
718 793 816 849 divinae
830 794 971 864 supientiae
982 792 1076 861 incipit

283 898 385 955 sapere
396 899 426 939 ea
439 898 501 955 utrae
522 884 568 939 [lei
584 893 657 949 sum,
671 884 855 955 utjoeundum
872 885 907 939 sit
919 885 943 940 ei
960 883 1075 939 tabulari

285 994 350 1033 curn
366 980 432 1044 lieo,
448 978 541 1035 rimari
556 979 688 1041 coetesttu,
709 980 824 1034 diceudo
845 994 906 1033 cum
921 979 1074 1049 propbeta:

285 1074 353 1131 llibi
375 1080 464 1129 autem
489 1071 699 1128 adicerereliee
723 1072 821 1127 boumn
846 1080 898 1137 est,
924 1087 1027 1143 ponere
1048 1074 1075 1129 iu

284 1168 397 1222 domiuo
413 1164 471 1220 beo
497 1180 572 1235 spetu
598 1179 687 1220 uveam
710 1163 798 1236 (Psoi.
818 1166 917 1232 exart).
940 1166 988 1222 ileo
1009 1175 1074 1221 sunt

283 1270 404 1329 erratum
418 1267 493 1319 rote,
512 1257 610 1328 quibus
626 1271 704 1312 sacra
720 1258 817 1325 pagiua
833 1268 983 1316 amatorem
996 1276 1074 1316 suum

283 1352 424 1417 iulormat,
450 1361 478 1407 et
502 1364 611 1405 sursum
640 1349 744 1415 evehit,
760 1351 861 1405 elucens
887 1365 950 1408 eunt
976 1350 1076 1407 offerre

283 1458 385 1512 corpus
411 1456 489 1498 svium
518 1440 635 1497 bostium
669 1452 809 1506 sanctam,
840 1440 991 1505 viventem,
1020 1441 1075 1499 beo

281 1536 435 1606 placentem
457 1532 547 1604 (duur.
570 1540 631 1603 au),
650 1542 678 1587 et
704 1534 909 1590 immaculatum
937 1548 966 1588 sc
981 1543 1075 1588 custo·

284 1628 344 1681 dire
357 1626 391 1681 ab
405 1624 457 1680 boc
473 1624 564 1679 seculo
574 1623 646 1693 (lec.
659 1624 689 1691 t).
705 1622 744 1678 lic
767 1624 866 1693 quibus
891 1624 918 1678 iu
942 1626 1074 1693 propbeta

284 1717 389 1770 dicitur
399 1732 407 1771 s
416 1717 478 1784 qttia
491 1729 552 1769 cum
566 1715 739 1770 elevarentur
751 1714 890 1781 animalia,
900 1700 1076 1770 elevabantur

291 1815 320 1861 ei
337 1815 402 1862 rotae
414 1810 516 1878 pariter
526 1808 603 1877 jvvxta
617 1822 648 1862 ea
656 1808 766 1879 (Euclt.
777 1808 808 1879 t).
819 1808 922 1879 Quippe
929 1807 1014 1863 suncti
1023 1806 1075 1861 viri

285 1914 341 1953 uon
353 1900 434 1955 aliter
445 1916 494 1971 per
502 1901 624 1956 eoelestia
633 1900 766 1958 desideria
774 1904 808 1957 ad
818 1902 901 1957 Deum
915 1903 1073 1975 respiciunt,

285 1991 340 2045 nisi
369 1992 413 2047 bic
437 1995 567 2047 virtutum
592 1995 722 2066 qrrudriga
745 2010 791 2051 eos
813 1996 896 2051 luerit
919 2003 1072 2066 persecuta.

321 2080 375 2136 Per
387 2084 494 2139 tertium
515 2099 601 2155 genus
617 2085 756 2140 homiuum
769 2087 813 2155 uui
828 2102 843 2141 a
858 2087 930 2143 bello
949 2086 1020 2141 douai
1031 2101 1075 2143 se·

283 2180 428 2237 parantur,
451 2173 576 2242 eoquod
602 2176 698 2230 vlomos
721 2176 866 2243 aedificent,
883 2177 1075 2247 significantur

283 2261 400 2325 curiosi,
422 2262 565 2334 plusquam
588 2275 698 2335 oportet
726 2269 801 2321 euriv
825 2267 1006 2324 exterioribus
1031 2270 1075 2323 iu·

284 2353 367 2415 tenti,
384 2354 476 2423 quales
490 2365 552 2411 sunt
565 2357 688 2413 bouvines
702 2358 782 2421 lrnjvrs
794 2358 888 2425 seculi,
904 2358 949 2428 qul
969 2358 1074 2414 faciunt

284 2442 393 2498 irrorari
411 2446 492 2513 viam,
505 2447 675 2502 circumeunt
689 2457 787 2514 terras,
802 2449 907 2505 lucium
926 2448 1036 2504 divitius
1046 2457 1075 2504 et

284 2550 338 2590 nou
363 2535 521 2607 injudicio,
542 2539 686 2594 terminum
711 2541 837 2609 copulent
858 2542 892 2595 ati
915 2542 1074 2606 terminum,

284 2637 412 2697 tanquam
421 2630 471 2700 ipsi
481 2632 529 2685 soli
538 2632 685 2686 habitaturi
695 2633 749 2687 siut
761 2648 842 2701 super
852 2643 952 2688 terram
962 2634 1071 2703 (leur).

286 2719 339 2774 Sed
351 2723 419 2790 quiid
435 2724 515 2778 nubis
527 2726 559 2779 de
578 2724 621 2779 luis
645 2725 689 2793 qrri
707 2725 774 2781 ioris
791 2735 855 2781 suut
870 2726 1006 2797 judicare,
1025 2726 1071 2796 qui

286 2812 338 2867 boe
360 2816 528 2869 curiositatis
540 2816 639 2872 mulum
653 2821 678 2872 iu
692 2817 896 2889 nobismetipsis
910 2818 1073 2885 iureuivuus,

284 2917 312 2960 et
327 2916 402 2961 tanto
417 2908 663 2979 periculosiusque
680 2909 797 2981 amplius
818 2911 934 2967 aliorum
949 2911 1019 2965 lacta
1033 2911 1074 2966 vel

283 2999 358 3054 dicta
383 3000 468 3069 treugis
493 3014 573 3069 qurum
604 3009 696 3055 nostra
722 3001 892 3056 discutimus.
913 3001 979 3068 eris
1001 3004 1073 3060 euiuv

285 3100 409 3145 nostrum
423 3092 456 3145 de
467 3093 557 3161 seipso
568 3091 637 3146 adeo
649 3091 848 3162 sudreiensem
866 3108 919 3148 nou
935 3105 1013 3149 curet
1026 3110 1074 3150 ex·

1128 610 1260 677 tudinem,
1274 609 1448 676 charitatem,
1472 610 1631 680 patientium
1646 612 1679 665 ad
1699 627 1804 667 onmes.
1823 611 1916 667 l'leeve

1126 700 1278 756 oculum'ad
1294 712 1320 757 te
1337 703 1435 772 ipsum,
1452 703 1478 756 in
1492 712 1518 756 te
1532 703 1596 772 quid
1611 701 1704 758 vides?
1719 702 1774 758 Nisi
1791 705 1915 774 teipsum

1126 808 1258 850 accusare
1279 796 1430 861 errvbescis,
1454 796 1529 850 dices
1550 797 1612 863 unia
1639 797 1805 866 superbiam,
1830 797 1916 865 impa-

1128 888 1269 952 tietrtianr,
1298 887 1511 953 insuavitatem,
1537 888 1714 942 dillidcutium
1744 889 1778 943 ad
1806 902 1913 944 ornnes.

1127 978 1212 1032 liceto
1226 992 1292 1048 ergo
1307 994 1372 1034 usus
1387 979 1517 1043 consilio,
1534 988 1560 1033 te
1587 978 1674 1046 ipsum
1696 978 1783 1048 primo
1796 978 1855 1031 loeo
1871 992 1917 1033 re·

1126 1072 1282 1143 prebendis.
1298 1071 1390 1127 lutosi
1409 1072 1500 1141 justus
1515 1087 1556 1139 es,
1569 1072 1596 1125 iu
1613 1071 1749 1142 principio
1769 1080 1916 1128 accusator

1126 1175 1156 1215 es
1173 1160 1210 1214 tui
1232 1160 1322 1231 (Prou.
1340 1163 1431 1235 xvrrr),
1448 1165 1519 1217 sieut
1537 1164 1674 1233 quondam
1688 1164 1739 1217 lub
1755 1162 1800 1218 ille
1810 1166 1915 1237 iustus,

1126 1271 1187 1311 cum
1203 1255 1286 1312 licum
1313 1256 1393 1312 oculo
1420 1257 1663 1327 contemplationis
1686 1256 1845 1326 respiceret,
1867 1273 1915 1331 srva

1127 1350 1234 1405 infirma
1258 1350 1368 1405 intuens
1389 1358 1417 1405 et
1443 1364 1577 1405 occursans
1598 1349 1762 1404 exclamavit
1792 1348 1913 1403 diceus:

1125 1441 1226 1495 dttditu
1243 1443 1320 1498 auris
1341 1443 1431 1498 audivi
1454 1451 1490 1506 te,
1509 1456 1581 1496 nunc
1603 1449 1694 1497 autem
1723 1440 1819 1497 oculus
1838 1455 1916 1495 nterrs

1125 1538 1196 1592 vidit
1211 1547 1245 1598 te,
1264 1536 1367 1590 ideireo
1391 1549 1435 1589 ute
1458 1534 1629 1605 reprebendo
1645 1532 1707 1601 (tot
1731 1533 1809 1602 serv).
1831 1531 1915 1597 erasi

1127 1630 1240 1694 diceret,
1259 1628 1349 1698 primo
1361 1623 1452 1682 audivi
1473 1637 1499 1683 te
1513 1641 1562 1697 per
1577 1636 1630 1681 tuce
1649 1624 1800 1680 voluntatis
1820 1624 1915 1693 cogui-

1128 1721 1240 1785 tionem,
1257 1732 1328 1772 nuuc
1341 1726 1431 1771 autern
1445 1718 1541 1772 oculus
1554 1732 1630 1771 viteus
1643 1717 1717 1770 videt
1732 1725 1758 1770 te
1774 1730 1822 1784 per
1839 1731 1917 1769 rvrevr·

1129 1813 1164 1866 tls
1179 1810 1437 1879 contemplationem
1453 1826 1459 1863 :
1476 1817 1503 1864 et
1519 1810 1582 1878 qrria
1597 1809 1676 1863 video
1692 1819 1729 1870 te,
1744 1808 1844 1861 idcireo
1857 1807 1916 1875 ipse

1091 1880 1112 1935 B
1128 1918 1171 1958 me
1186 1902 1366 1973 reprebendo.
1383 1900 1424 1954 lle
1441 1900 1538 1970 iuquit,
1560 1915 1613 1954 uon
1633 1909 1670 1953 te.
1683 1897 1728 1953 Sic
1740 1898 1813 1952 euim
1826 1897 1916 1953 omnia

1125 1996 1168 2051 rir
1185 1995 1316 2065 spiritalis
1331 2003 1433 2063 quanto
1460 1994 1549 2063 magis
1565 1992 1597 2047 od
1610 1990 1696 2046 licum
1708 1991 1823 2052 accedit,
1839 1999 1916 2046 tauto

1126 2088 1213 2157 magis
1230 2087 1296 2155 quid
1310 2087 1394 2142 sites
1418 2101 1448 2141 se
1460 2096 1524 2140 utute
1544 2084 1639 2138 ocrdos
1661 2084 1765 2147 statuit,
1781 2098 1835 2153 quo
1858 2098 1916 2137 arn·

1125 2177 1197 2249 plius
1211 2193 1240 2233 se
1263 2194 1313 2249 per
1334 2178 1449 2247 gratiam
1476 2176 1655 2231 illuminatum
1673 2174 1853 2245 recognoscit.
1869 2172 1916 2227 llis

1126 2277 1217 2323 tamen
1231 2267 1358 2323 uentribus
1373 2280 1434 2336 qum
1454 2266 1523 2331 dixi,
1542 2279 1594 2319 neu
1618 2266 1716 2320 damno
1738 2265 1825 2318 zelurn
1851 2264 1916 2317 reli-

1126 2361 1225 2431 gionis,
1239 2361 1285 2430 qui
1304 2360 1338 2415 ub
1351 2359 1477 2414 ouutibus
1492 2358 1572 2413 bouis
1587 2366 1614 2411 et
1629 2358 1762 2412 amandus
1779 2364 1807 2412 et
1821 2364 1917 2411 teneu-

1126 2455 1178 2510 due
1202 2462 1255 2518 cst,
1273 2452 1320 2506 sed
1344 2466 1430 2522 arguo
1447 2462 1474 2506 et
1493 2451 1665 2521 reprebendo
1684 2450 1798 2505 livorem
1825 2452 1917 2505 detra-

1126 2546 1236 2603 ctionis.
1249 2545 1315 2611 eria
1328 2557 1403 2613 crgo,
1418 2544 1519 2598 iratres
1535 2541 1716 2604 dilectissimi,
1736 2555 1789 2594 nou
1801 2554 1902 2595 corona

1127 2645 1171 2692 tur
1183 2638 1234 2692 nisi
1249 2638 1295 2705 qui
1321 2635 1441 2705 legitime
1461 2635 1610 2690 certaverit
1630 2632 1672 2704 (ll
1691 2632 1916 2705 Tiru.1r),assu-

1127 2737 1184 2782 mat
1209 2726 1403 2781 formidolosus
1428 2726 1576 2792 virtutem,
1601 2724 1721 2780 carnalis
1742 2726 1914 2794 pudicitiam,

1127 2823 1252 2876 curiosus
1269 2820 1353 2874 auivui
1366 2819 1484 2889 quietem
1499 2834 1506 2871 r
1519 2827 1547 2873 et
1561 2818 1796 2873 conversationem
1817 2816 1915 2870 bonam

1127 2912 1259 2969 babentes
1277 2910 1304 2965 iu
1329 2910 1464 2967 cltnritate
1478 2910 1536 2977 liei,
1551 2919 1579 2965 et
1597 2909 1726 2979 patientia
1749 2909 1848 2964 Christi
1864 2908 1917 2963 lui-

1126 3006 1205 3060 vuicis
1221 3005 1323 3059 uostris
1334 3003 1503 3074 spiritalibus
1526 3001 1680 3068 obviemus,
1693 3016 1762 3071 nevos
1776 3016 1829 3055 nou
1845 3007 1916 3055 stre·

1126 3099 1183 3169 pitu
1209 3112 1347 3153 armorum
1373 3096 1421 3152 sed
1447 3096 1596 3150 virtutibus
1621 3103 1649 3149 et
1679 3093 1758 3148 bouis
1786 3091 1916 3161 operibus

287 3183 403 3238 teriones
420 3183 671 3239 atltttittisirttliotteb
687 3193 714 3239 ei
732 3182 836 3254 jtttllcel
854 3182 941 3239 officia
964 3184 1070 3241 ἰιιοιιῘί·
1085 3210 1107 3268 c
1125 3202 1233 3263 oportet
1250 3190 1406 3262 repugnari,
1422 3189 1513 3246 Fortis
1526 3189 1636 3260 quidem
1653 3202 1741 3257 pugna
1757 3185 1804 3241 sed
1818 3199 1915 3254 magula

284 3277 370 3329 uate?
384 3275 432 3331 llic
448 3277 520 3332 diem
533 3276 591 3345 plus
607 3276 704 3347 rigoris
717 3291 778 3333 esse
798 3292 878 3346 quaru
895 3286 1014 3346 oportet,
1036 3276 1073 3331 ibi

285 3366 347 3438 plus
357 3368 575 3438 dispensationis,
588 3370 692 3439 imolut
701 3370 806 3438 plenius
816 3370 904 3425 dicatu
915 3384 997 3440 quiam
1012 3383 1075 3425 sen-

285 3462 336 3528 tio)
350 3462 413 3515 duur
436 3462 543 3530 plenius
565 3462 696 3533 indagare
722 3462 848 3516 volumus
869 3478 930 3532 quaa
948 3465 983 3518 ab
1013 3461 1075 3517 aliis

285 3557 365 3622 tiuut,
390 3554 514 3624 dupeudo
530 3568 561 3609 ea
577 3570 636 3624 quae
652 3571 706 3610 uon
719 3557 858 3622 eveniunt,
872 3555 900 3610 lu
918 3554 1069 3610 detractio·

286 3651 330 3705 nis
347 3648 440 3703 vitium
457 3648 667 3718 praecipitamur.
682 3648 772 3718 lnquit
790 3649 863 3704 euim
884 3649 953 3704 alter
972 3650 1072 3706 alteri:

286 3740 408 3810 nunquid
422 3739 519 3793 novisti
538 3739 603 3809 quid
619 3739 665 3794 iile
685 3739 806 3810 loquitur
826 3740 853 3795 iu
868 3739 995 3796 silentio?
1009 3742 1075 3811 quid

289 3829 345 3901 agit
358 3831 385 3885 iu
399 3829 525 3885 occulto?
539 3830 627 3900 qualis
638 3839 680 3885 est
694 3831 722 3885 iu
739 3828 967 3902 incessuiqualis
980 3832 1007 3885 iu
1025 3832 1075 3887 ba-

286 3925 363 3980 bitu!
379 3935 557 3981 veruntamen
574 3924 710 3980 occultum
727 3932 830 3988 teneas,
855 3922 941 3979 detrec
960 3937 1005 3978 res
1021 3938 1076 3979 rue·

286 4018 339 4073 lius
353 4019 517 4074 innotescat.
538 4016 608 4085 Quid
626 4025 654 4070 tu
678 4013 756 4070 radix
786 4016 923 4084 peccatrix
938 4013 1076 4069 occultum

287 4112 330 4168 vis
354 4113 427 4178 lieri,
443 4111 489 4180 qui
505 4111 665 4181 sauguinem
689 4107 784 4165 lratris
801 4109 839 4164 tui
859 4109 916 4180 lam
936 4108 1075 4165 ellrrdistil

287 4204 360 4261 Ecce
383 4204 493 4275 sanguis
517 4204 575 4271 elus
598 4201 698 4258 elamat
721 4203 755 4257 ad
781 4202 920 4257 dominum
943 4202 979 4259 de
1003 4210 1075 4258 terra

288 4294 368 4365 (Gen.
382 4297 424 4364 u).
446 4295 506 4350 lum
528 4310 611 4352 eausa
633 4293 692 4362 ejus
716 4295 742 4349 in
763 4296 860 4350 eterni
880 4295 952 4366 regis
973 4294 1076 4365 palatio

286 4388 415 4444 omuibus
429 4387 555 4452 innotuit,
570 4387 701 4459 plangunt
712 4402 773 4443 eum
792 4387 929 4443 Cberubiu
950 4396 978 4443 et
995 4387 1077 4442 Sera-

287 4479 354 4550 plriu
370 4495 377 4532 ε
392 4479 435 4533 eui
459 4477 597 4532 innocenti
620 4478 773 4544 detraxisti,
796 4492 876 4549 quem
902 4493 998 4534 sanum
1017 4477 1077 4533 vul·

1126 3286 1247 3340 victoriae
1262 3291 1431 3352 reponuntur
1443 3281 1554 3350 praemia
1565 3278 1609 3334 ubi
1624 3279 1713 3332 luctus
1733 3276 1759 3331 ln
1775 3277 1914 3346 gavidium,

1125 3379 1204 3434 labor
1216 3379 1242 3432 in
1258 3376 1389 3445 quietem,
1403 3383 1549 3445 paupertas
1565 3375 1590 3427 in
1613 3371 1790 3433 allicientium,
1805 3368 1915 3425 miseria

1125 3468 1373 3542 injucunditateut,
1388 3466 1540 3521 mortalitas
1558 3464 1584 3519 iu
1603 3463 1784 3519 aeternitatem
1801 3475 1917 3516 couver-

1126 3564 1193 3617 litur
1209 3580 1216 3617 :
1231 3561 1275 3615 ubi
1291 3558 1378 3613 suncti
1400 3568 1514 3627 regrum
1529 3573 1590 3611 cum
1616 3557 1683 3623 Deo,
1708 3565 1735 3611 et
1756 3567 1841 3621 opttus
1865 3551 1915 3606 bet

1125 3651 1267 3708 cumillis.
1284 3649 1346 3705 Pari
1372 3663 1438 3719 erpo
1461 3647 1607 3712 desiderio,
1623 3656 1688 3702 voto
1713 3643 1834 3699 unanimi
1857 3651 1916 3697 stu·

1126 3746 1238 3802 deuotus
1255 3746 1312 3814 regi
1329 3753 1424 3798 nostro
1445 3744 1575 3806 militare,
1598 3740 1645 3810 nul
1670 3739 1796 3809 quamvis
1816 3738 1842 3790 in
1865 3735 1916 3789 ud·

1125 3846 1207 3890 ventu
1226 3851 1274 3890 suo
1286 3835 1393 3898 brittuli,
1405 3834 1589 3888 tribulationis
1601 3847 1650 3885 nus
1663 3831 1745 3885 laciat
1755 3827 1915 3897 participes,

1126 3927 1153 3980 iu
1175 3925 1297 3980 secundo
1318 3926 1513 3978 adventurum
1535 3921 1642 3974 venerit
1664 3924 1691 3974 in
1711 3919 1851 3984 maiestate
1866 3933 1916 3972 sua

1126 4034 1188 4075 cum
1203 4017 1378 4088 augelissuis
1389 4016 1464 4085 regui
1485 4013 1643 4082 sempiterni
1662 4026 1712 4066 uus
1729 4011 1811 4065 luciet
1830 4012 1917 4065 baere·

1127 4113 1184 4175 des,
1201 4108 1273 4180 quud
1300 4123 1350 4163 tros
1364 4108 1518 4177 perducere
1534 4105 1660 4175 dignetur
1672 4105 1729 4173 ipse
1750 4117 1796 4156 res
1820 4110 1916 4155 noster

1125 4201 1204 4258 lesus
1230 4200 1357 4256 clutstus
1377 4198 1503 4254 dominus
1522 4206 1626 4262 noster,
1649 4194 1727 4264 crvjus
1757 4207 1869 4264 segnium
1887 4201 1916 4248 ei

1126 4295 1269 4364 imperium
1294 4300 1436 4364 permanet
1456 4290 1482 4345 in
1506 4289 1596 4344 secula
1623 4289 1912 4345 circumeundum.

1430 4380 1547 4438 seluto
1565 4381 1608 4436 ΙΙΙ.

1372 4492 1400 4531 m
1418 4490 1542 4530 novenae
1562 4489 1666 4528 uoutvr.

289 4576 402 4641 trerosti,
415 4574 494 4644 cvrjus
507 4575 668 4645 sauguinem
684 4573 785 4644 injuste
800 4570 930 4627 eliudisti.
943 4569 1013 4636 Quid
1026 4570 1074 4626 tibi
1090 4552 1113 4608 Ῑ)
1163 4570 1197 4625 lu
1209 4570 1256 4624 ilia
1270 4569 1313 4624 die
1323 4569 1376 4623 erit
1393 4585 1498 4639 perureu
1518 4567 1622 4622 domiui
1638 4569 1665 4623 iu
1682 4566 1876 4636 mupnipiceutie
1890 4572 1916 4618 et

288 4674 379 4736 potest
406 4680 467 4720 esse
494 4665 578 4720 avviuri
604 4672 678 4720 recta
702 4663 831 4735 sapienti,
859 4657 973 4732 quaudo'
992 4660 1076 4717 lrater

289 4768 351 4814 tuus
376 4758 427 4814 boc
452 4758 598 4814 meditatur
614 4757 641 4812 iu
663 4758 798 4822 oratione,
819 4755 870 4810 boc
894 4753 922 4809 iu
946 4753 1075 4821 lectione,

288 4854 342 4908 boc
357 4853 383 4908 in
399 4866 494 4922 opere,
510 4852 565 4907 imo
586 4851 687 4921 ubique
705 4851 826 4905 iocorum
843 4848 927 4920 gemit
945 4856 1076 4902 cruentus

289 4944 403 4999 vulnere
416 4944 488 5014 quod
504 4953 532 4999 tu
548 4942 648 5012 injuste
663 4943 688 4997 ei
705 4941 844 4997 indixisti?
855 4939 877 4996 0
888 4946 1076 4996 consummata

289 5037 384 5109 religio
399 5053 460 5107 qua
474 5051 608 5093 svruuuam
624 5049 679 5090 suae
693 5032 871 5104 perfeetionis
887 5030 1027 5088 coustituit
1049 5030 1076 5085 iu

288 5131 460 5188 detractione
486 5130 582 5184 alienae
603 5128 721 5183 virtutis.
746 5126 818 5182 liicis
842 5123 923 5191 lecte,
948 5125 1010 5193 nuta
1035 5124 1077 5178 vir

289 5223 423 5294 spiritatis
434 5238 463 5280 es
477 5225 523 5295 qui
539 5223 630 5278 urnula
649 5221 758 5292 judicas
769 5229 796 5276 et
811 5234 826 5273 a
842 5219 952 5273 nemine
969 5217 1077 5287 judicu·

288 5317 338 5372 ris.
354 5315 386 5370 Et
400 5331 450 5384 ego
466 5316 513 5370 tibi
528 5317 586 5370 siue
610 5313 646 5369 tui
665 5310 769 5380 judicio
782 5308 854 5365 illius
876 5307 976 5362 etbuici
992 5308 1086 5380 versi·-

289 5411 352 5468 culo
367 5410 559 5480 respondebo:
576 5409 646 5477 Quia
670 5422 751 5465 outue
769 5405 852 5460 animi
878 5404 978 5459 vicium
1003 5412 1077 5458 tauto

289 5505 462 5573 conspectius
487 5503 513 5558 iu
533 5517 562 5558 se
577 5504 680 5558 crimen
702 5499 912 5568 habendorum
930 5497 1017 5567 major
1031 5496 1076 5567 quvi

289 5604 386 5664 peccat
402 5594 526 5650 liabetur.
547 5594 659 5649 Deorum
674 5592 697 5648 si
718 5591 849 5663 spiritalis
863 5605 892 5646 es
907 5598 935 5645 et
955 5599 1078 5645 conteru-

289 5689 416 5762 platirus.
433 5687 464 5743 st
480 5685 704 5756 eorrmmplativus
731 5699 773 5750 es,
798 5683 882 5737 Deum
905 5679 991 5736 vides.
1017 5678 1076 5735 Nou

290 5781 439 5851 indigueris
462 5793 527 5850 ergo
549 5777 572 5833 si
586 5785 612 5833 te
633 5778 787 5848 interrogo,
800 5790 860 5832 cum
879 5775 930 5831 sim
946 5772 1038 5844 pulvis
1050 5780 1077 5828 et

292 5871 374 5952 ciuis.
385 5872 498 5945 Quando
510 5871 695 5953 licem-vides,
712 5871 738 5927 iu
755 5871 813 5942 ipso
837 5869 901 5942 quid
916 5866 1007 5926 vides!
1020 5864 1075 5922 llisi

1128 4663 1224 4734 pieria,
1251 4672 1275 4716 et
1294 4661 1399 4728 [rectus
1420 4669 1496 4713 terrie
1520 4656 1639 4711 salliaris
1667 4655 1746 4723 (lani.
1763 4657 1812 4722 tvi.
1839 4652 1915 4707 Diem

1128 4755 1263 4810 adventus
1273 4752 1375 4808 Clrristi
1388 4751 1432 4805 diu
1449 4749 1617 4819 multumque
1630 4748 1821 4810 desideratum,
1830 4759 1913 4813 qurum

1128 4843 1260 4913 propbeta
1284 4858 1338 4898 non
1361 4850 1468 4912 poterat
1487 4842 1676 4895 demonstrare
1692 4837 1792 4907 digito,
1808 4835 1917 4889 arileuti

1129 4935 1265 4990 desiderio
1276 4933 1548 4988 demonstratdieens
1563 4948 1569 4983 :
1585 4929 1613 4983 lu
1633 4929 1677 4982 illa
1691 4929 1746 4992 die,
1762 4934 1816 4982 etc.
1835 4928 1874 4979 lte
1892 4923 1915 4977 si

1128 5029 1231 5084 diceret
1247 5043 1254 5081 :
1270 5024 1329 5080 Non
1345 5026 1442 5094 lentior
1456 5023 1529 5079 diem
1549 5023 1622 5078 illam
1638 5024 1770 5092 augustiae
1785 5028 1810 5073 et
1830 5017 1901 5070 tribu

1128 5120 1323 5182 induciarum
1338 5129 1417 5174 eruut
1435 5121 1513 5189 signa
1528 5119 1555 5171 iu
1572 5115 1630 5172 sole
1653 5126 1680 5171 et
1705 5114 1767 5168 luua
1783 5120 1810 5167 et
1831 5107 1916 5164 stellis

1129 5213 1318 5269 arescentibus
1330 5210 1486 5267 homiuibus
1501 5224 1556 5279 prae
1573 5210 1669 5263 timore
1685 5216 1712 5260 et
1727 5200 1918 5272 expectatione

1129 5321 1190 5375 nuce
1212 5304 1405 5375 supervenient
1430 5304 1559 5357 universo
1584 5299 1643 5355 orbi
1666 5297 1743 5367 (Luc.
1768 5292 1836 5360 vat).
1857 5288 1916 5343 Non

1129 5399 1248 5468 denique
1263 5397 1335 5451 diem
1351 5396 1424 5450 illum
1439 5393 1628 5457 desolationis,
1640 5388 1749 5457 quaudo
1768 5381 1839 5451 rupti
1853 5389 1917 5434 suut

1129 5492 1219 5547 loutes
1231 5488 1320 5560 abyssi
1335 5503 1439 5558 maguae
1452 5495 1479 5541 et
1492 5491 1641 5539 cataracta·
1652 5477 1714 5533 coeli
1728 5484 1829 5545 apertae
1841 5481 1918 5536 suut,

1130 5593 1159 5640 ut
1175 5583 1349 5639 inundatione
1373 5580 1444 5635 lacta
1469 5577 1589 5632 delerent
1609 5552 1716 5625 om‘mvn
1739 5566 1858 5621 animam
1874 5564 1916 5618 ri·

1129 5686 1248 5734 ventem.
1264 5675 1338 5728 tttuu
1355 5674 1445 5742 potius
1466 5670 1561 5739 loquor
1576 5668 1659 5730 diem,
1674 5665 1782 5739 quando
1799 5659 1917 5716 roranti·

1129 5771 1178 5825 bus
1196 5769 1273 5825 coelis
1299 5768 1417 5837 desuper
1434 5764 1580 5817 illuxerunt
1595 5760 1800 5817 coruscationes
1821 5754 1916 5826 gratiae

1129 5866 1188 5922 orbi
1209 5873 1297 5929 terrae,
1314 5873 1342 5918 ct
1364 5859 1411 5916 liei
1425 5855 1655 5934 Filiusiu-cavuis
1677 5853 1768 5911 trabea
1782 5858 1917 5921 apparens
