4425 6450
245 381 300 438 l89
610 383 807 441 suadeatis.
825 413 862 426 -
881 384 985 443 serrat.
1004 384 1114 441 xixti.
1129 385 1164 440 ΙΝ
1179 385 1395 443 ascensione
1415 383 1543 442 boardi.
1834 379 1889 437 lib

246 506 400 567 reuspeetu
416 496 477 561 ber,
497 506 525 551 ιιι
550 513 604 551 ιιοιι
623 498 712 552 sulum
740 507 766 553 te
792 508 847 553 tam
873 499 952 554 silem
971 499 1044 555 redi·
1058 506 1081 564 A
1098 502 1125 555 ie
1140 501 1185 556 ille
1199 501 1290 554 erunia
1306 514 1336 555 se
1351 499 1494 570 possidere
1511 497 1639 560 ustinrat,
1656 509 1738 549 neem
1758 494 1784 550 ia
1800 494 1889 548 eruni-

248 606 338 653 ruer-e,
358 589 406 644 sed
422 588 504 644 etiaur
523 590 548 643 iu
567 605 696 659 sponsam
720 591 771 645 sibi
794 592 900 647 sociare
916 592 1044 658 uoluerit,
1097 596 1148 650 bus
1171 604 1198 650 et
1223 610 1305 664 super
1323 594 1413 648 ouruiu
1430 591 1576 662 preelegit.
1593 589 1621 642 ln
1639 589 1681 643 bis
1704 603 1769 657 ergo
1787 585 1889 655 uuptiis

248 682 303 734 uisi
321 680 391 736 sorte
409 691 463 735 tam
479 681 628 749 pertinacis
652 682 690 735 sis
709 682 884 752 impudicitiae
906 684 977 753 qnod
997 701 1046 738 nu·
1098 689 1225 744 similiter
1241 697 1417 758 apponuntur
1443 689 1494 743 tria
1518 684 1620 740 lercnla
1645 697 1750 750 sponsae
1772 679 1888 732 delicata

247 772 316 841 priis
332 770 390 839 ejus
403 781 430 827 et
444 771 555 827 terrulis
573 773 620 826 tibi
635 775 796 842 preparatis
818 776 890 831 nolis
903 777 1044 833 delectari.
1099 780 1189 846 ualrlc,
1207 796 1326 851 qrrerum
1342 780 1460 850 prirunnr
1477 788 1535 843 est,
1551 793 1590 832 sar
1601 793 1637 831 ra·
1657 774 1808 843 discipline
1826 787 1889 825 eru·

286 862 317 916 Ιιι
333 862 391 932 ipsa
404 876 473 932 ergo
488 862 711 932 desponsationis
727 873 778 918 tum
794 864 838 919 die
863 865 910 921 tibi
928 866 979 920 tria
993 863 1047 922 ler'-
1098 868 1166 922 ditio
1184 888 1191 924 ι
1210 872 1376 933 ιιιιιιιιΙιιιιι,
1393 868 1548 923 orationum
1568 866 1729 937 supplicatio
1743 881 1750 918 ι
1766 864 1887 928 tertium,

247 946 312 1011 crrla'
341 955 453 1025 apponit
476 956 598 1025 Sponsus
623 966 704 1023 trurs,
722 972 837 1025 quorum
866 958 982 1028 priruurn
1005 968 1046 1014 cst
1098 975 1224 1030 supernae
1249 962 1311 1015 ritae
1333 960 1495 1031 praelibatio.
1520 959 1581 1014 istis
1598 957 1710 1013 ferculis
1729 956 1820 1011 anima
1840 969 1889 1025 per

248 1048 356 1103 ablutio
379 1047 545 1113 crirrrlrrunr,
567 1049 715 1104 secuudum
744 1049 879 1105 emulatio
904 1050 1045 1119 uirtutum,
1098 1068 1222 1108 aurorem
1239 1052 1295 1108 beo
1318 1053 1436 1106 lirrrriter
1460 1050 1623 1115 adrianus,
1640 1049 1762 1119 pascitur
1783 1046 1816 1099 ad
1833 1045 1889 1101 iru-

251 1140 366 1195 tertium
381 1138 521 1207 reparatio
541 1140 675 1197 bonorum
698 1141 875 1196 naturalium.
897 1140 945 1197 itis
960 1143 1047 1212 epuiis
1097 1155 1171 1198 etnur
1188 1145 1319 1199 benorum
1332 1158 1446 1214 eperum
1457 1140 1623 1206 laciendum,
1636 1140 1697 1209 quia
1711 1156 1796 1196 sacrae
1807 1137 1888 1200 elisei·

248 1230 327 1302 pasci
346 1239 372 1286 te
385 1240 505 1300 opertet,
517 1239 547 1285 ut
561 1230 668 1301 Sponsa
684 1239 730 1286 tuo
750 1230 868 1302 placeas,
883 1231 926 1286 cui
943 1240 970 1286 te
984 1246 1047 1300 pro-
1097 1236 1180 1305 plinar
1195 1235 1313 1291 eruditio
1328 1235 1408 1291 docet
1422 1251 1483 1291 cam
1508 1236 1578 1291 bena
1595 1247 1772 1304 cognoscere,
1786 1232 1888 1286 oratio·

247 1322 447 1380 bastitanae
465 1330 495 1377 ut
515 1336 565 1392 per
580 1321 747 1377 ablutionem
773 1322 918 1377 criruinuru
944 1322 1046 1377 munda

246 1428 276 1475 et
301 1417 478 1475 inmaculata
503 1429 639 1488 appareas
668 1416 695 1470 iu
720 1424 869 1485 conspectu
894 1414 964 1483 ejus,
982 1417 1046 1485 quia

248 1512 307 1565 ndu
325 1508 359 1565 ad
373 1508 425 1564 boe
442 1515 498 1563 tam
519 1505 672 1561 desererem
690 1505 805 1562 redoluit
829 1513 859 1560 ιιι
877 1504 940 1560 talis
959 1519 1046 1560 reura·

249 1615 348 1666 neres,
365 1599 414 1657 sed
436 1606 465 1655 ut
489 1598 572 1654 lotam
596 1600 677 1670 aquis
701 1599 870 1670 poerriteutiae
888 1597 949 1653 siue
972 1596 1045 1653 onrui

249 1708 330 1748 naue
343 1692 476 1748 loeditatis
493 1707 621 1763 sponsum
638 1693 689 1749 sibi
703 1692 865 1765 possideret.
882 1689 938 1747 Nec
958 1689 1046 1746 soluur

249 1786 382 1841 mundam
407 1785 530 1849 avitiis,
545 1786 592 1841 sed
614 1786 699 1841 etiarn
725 1784 855 1840 uirtutum
873 1781 1046 1839 annilatioue

247 1872 402 1948 oportet⁰te
414 1889 475 1933 esse
489 1886 615 1931 ornatam
633 1876 717 1947 :quia
734 1885 805 1932 totus
829 1874 944 1945 pulelrcr
960 1881 1043 1929 totaru

248 1970 397 2042 pulchram
426 1968 573 2024 desiderat.
590 1968 624 2023 Et
643 1968 701 2037 ipse
724 1966 865 2036 speciosus
885 1963 973 2021 ferrara
989 1978 1044 2033 prae

248 2062 317 2118 filiis
331 2060 487 2127 bominum,
504 2062 537 2115 ad
551 2061 604 2116 bec
621 2069 651 2114 ιιι
662 2068 690 2116 ιι
706 2070 733 2115 ιι
749 2059 872 2128 speciosa
891 2057 929 2114 sis
942 2066 969 2112 te
982 2071 1045 2112 cen·

248 2153 461 2222 capitinatae
480 2151 572 2223 aliqua
597 2152 667 2207 torte
691 2152 832 2208 excuseris
853 2150 945 2221 iuopia
966 2148 1044 2218 jebet

247 2244 377 2313 Sponsus
388 2244 422 2299 de
435 2243 572 2299 thesauris
595 2243 652 2298 suis
677 2243 725 2297 tibi
739 2241 856 2313 proferri
871 2250 1042 2307 ornamenta,

246 2337 345 2391 dicens
364 2351 372 2388 r
387 2333 447 2390 Cito
460 2332 585 2404 prolerre
596 2334 694 2389 stolam
721 2333 837 2403 priurnm
856 2341 883 2386 et
895 2334 998 2388 induite
1012 2332 1043 2386 il-

246 2428 321 2490 leru,
344 2436 374 2481 et
385 2427 447 2482 date
461 2426 571 2480 anulum
588 2426 615 2480 in
628 2442 737 2480 uranum
752 2424 820 2495 ejus,
830 2425 1043 2481 eteaieianrenta

247 2518 275 2573 iu
297 2517 383 2588 perles
405 2516 464 2588 ejus
480 2516 557 2589 (Lar.
575 2520 633 2588 aa}
648 2517 698 2574 ilie
720 2533 768 2588 per
788 2519 898 2573 errulum
916 2520 1043 2589 signacu-

247 2609 306 2664 lum
329 2607 411 2675 edei:
422 2623 471 2680 per·
487 2609 667 2663 eale-iumenta
686 2611 926 2665 mortificationem
940 2612 1042 2677 caruis,

247 2700 415 2771 perstabam
435 2700 570 2769 prinlum,
585 2699 802 2755 consolationem
826 2700 926 2754 luturae
949 2715 1043 2770 repre·

247 2791 394 2846 missionis
412 2791 543 2845 deberrrus
564 2790 701 2859 accipere.
716 2788 793 2843 Tune
813 2804 877 2858 ergo
892 2789 1002 2843 auulunr
1015 2790 1042 2845 iu

246 2898 333 2937 mauu
350 2892 395 2937 tua
409 2881 458 2937 dat
469 2880 592 2953 Sponsus
608 2892 680 2946 tuus,
699 2881 809 2951 quaudo
826 2880 903 2946 tides,
919 2897 979 2948 qum
995 2900 1043 2952 per

1097 1344 1163 1383 rrum
1191 1325 1353 1397 supplicatio
1379 1326 1449 1382 bona
1484 1324 1643 1390 custodire,
1671 1338 1797 1393 superma
1825 1322 1888 1375 ritae

1096 1423 1250 1497 praelibatio
1265 1424 1334 1478 bena
1351 1437 1443 1479 amare
1455 1423 1557 1476 docet:
1573 1429 1613 1484 ut,
1623 1420 1663 1474 sic
1676 1420 1703 1473 in
1718 1418 1759 1473 ria
1774 1415 1886 1471 mauda-

1098 1524 1189 1571 torum
1213 1514 1261 1570 bet
1286 1526 1482 1585 usquequaque
1496 1511 1628 1583 perlecta,
1643 1510 1701 1580 jam
1716 1524 1770 1563 neu
1784 1502 1889 1561 sterilis

1097 1607 1145 1663 sed
1162 1605 1288 1662 ioecrrrrda
1304 1606 1330 1660 in
1344 1604 1426 1660 lsrael
1442 1604 1609 1660 nominetur.
1628 1600 1740 1655 Videres
1755 1598 1801 1655 bie
1820 1595 1889 1652 uitri·

1099 1699 1221 1770 tipliceur
1235 1697 1380 1769 propagari
1399 1696 1532 1762 sobolem,
1555 1693 1661 1749 scilieet
1676 1689 1887 1747 estimationem

1097 1791 1214 1863 propriae
1227 1789 1404 1855 inlirmiratis,
1416 1786 1596 1844 bumilitatem
1609 1781 1797 1851 subjectionis,
1812 1796 1889 1836 com·

1096 1883 1267 1953 parationem
1278 1880 1408 1948 melioris,
1421 1874 1764 1935 reuerentiam‘creatoris.
1777 1871 1802 1927 ls
1813 1871 1887 1927 eniua

1096 1975 1143 2045 qui
1158 1988 1222 2029 uere
1235 1973 1320 2029 ileum
1333 1972 1434 2041 diligit,
1450 1970 1540 2040 prime
1558 1966 1665 2023 iudum
1681 1981 1728 2021 sua
1745 1972 1809 2018 ante
1822 1976 1888 2017 oeu-

1096 2068 1136 2121 los
1162 2065 1247 2135 ponit,
1264 2074 1293 2119 ut
1312 2063 1380 2117 nibil
1403 2062 1482 2118 dese
1499 2060 1596 2126 altum,
1620 2058 1689 2113 nibil
1710 2055 1827 2112 sublime
1840 2069 1888 2110 sa·

1096 2158 1155 2229 piat
1170 2174 1177 2210 :
1191 2156 1257 2226 quin
1272 2154 1361 2224 potius
1379 2161 1489 2208 seretur
1500 2150 1592 2205 onmia
1608 2162 1692 2219 opera
1706 2162 1767 2211 sua,
1780 2158 1888 2215 seraper
1950 2135 1955 2146 “

1096 2258 1210 2320 portans
1234 2263 1328 2303 seeum
1353 2242 1549 2301 conscientiam
1576 2238 1746 2296 iulrrnritatis
1767 2252 1838 2303 suar,
1860 2244 1889 2291 et

1095 2357 1159 2396 erun
1172 2341 1264 2397 emnia
1280 2336 1463 2405 benelecerit,
1479 2335 1553 2391 dicet
1574 2349 1604 2390 se
1622 2348 1683 2389 esse
1701 2348 1810 2389 seruunr
1827 2333 1888 2386 iuu-

1097 2434 1185 2498 tilem,
1199 2442 1226 2488 ιι
1249 2431 1356 2502 piqrem
1372 2429 1528 2499 operarium
1546 2427 1573 2481 iu
1598 2426 1751 2481 ministerio
1769 2425 1815 2479 bei
1832 2424 1885 2480 sui.

1084 2526 1161 2581 Post
1173 2526 1243 2580 barrc
1259 2524 1383 2578 nascitur
1400 2519 1539 2575 lruruilitas
1555 2517 1743 2587 subiectionis,
1758 2526 1787 2570 ut
1799 2516 1828 2570 is
1841 2514 1887 2583 qui

1095 2632 1198 2687 paruus
1212 2625 1252 2670 est
1269 2616 1294 2669 in
1308 2611 1395 2669 oculis
1409 2610 1476 2674 seis,
1491 2608 1614 2663 bmrriliet
1629 2606 1748 2677 seipsum
1761 2606 1888 2662 subditus

1096 2719 1209 2779 propter
1235 2711 1320 2763 Dennr
1342 2705 1495 2762 sublimiori
1523 2701 1663 2772 potestati,
1688 2712 1716 2756 ιι
1740 2710 1826 2755 ιοιιιιιι
1857 2715 1887 2755 se

1095 2799 1186 2853 alieno
1210 2798 1326 2866 imperio
1341 2797 1512 2860 couuuittal,
1531 2793 1598 2848 nibil
1620 2792 1737 2862 propriae
1765 2801 1888 2845 reservet

1096 2890 1239 2945 uoluntati.
1255 2887 1347 2945 Tertio
1367 2888 1490 2943 irascitur
1512 2883 1685 2954 eoruparatio
1709 2881 1841 2945 melioris,
1857 2887 1887 2935 ut

247 2974 387 3031 delectum
401 2973 536 3030 bonerum
553 2988 664 3045 eperum
682 2974 709 3028 iu
723 2983 749 3029 ιι
763 2972 853 3029 iuerat
869 2977 1040 3044 mortificata,
1096 2982 1124 3036 iu
1141 2983 1269 3036 eurrribus
1283 2981 1353 3036 bene
1367 2980 1481 3051 agendis
1497 2991 1605 3047 semper
1624 2975 1741 3030 aestimet
1756 2973 1839 3027 allum
1855 2986 1887 3028 se

246 3066 341 3121 studio
365 3066 443 3121 berrae
465 3065 635 3136 operationis
660 3062 833 3119 reseraretur.
857 3063 1040 3121 Calciaurerrta
1096 3074 1380 3142 111e15010m‚aliuuurirr
1401 3074 1486 3139 burra,
1499 3086 1547 3125 suu
1562 3068 1632 3124 mala
1648 3076 1710 3122 ante
1731 3067 1886 3134 oculospo·

246 3158 381 3215 11101111
404 3158 431 3214 111
447 3159 530 3230 belles
554 3158 709 3223 11108,1111111
728 3172 777 3230 pel
800 3157 1040 3214 111011111111111110111
1054 3192 1078 3254 C
1095 3179 1152 3236 uat,
1170 3178 1210 3237 et,
1225 3167 1374 3238 perspectis
1386 3165 1602 3226 bonisalieruur,
1619 3168 1693 3214 amet
1701 3169 1729 3214 et
1739 3167 1886 3214 uerteretur

246 3253 343 3309 carreis
358 3253 478 3322 castigas
489 3268 590 3322 corpus
605 3261 680 3307 tuum
703 3261 731 3306 et
753 3253 778 3306 in
794 3255 953 3308 seruitutem
972 3256 1043 3309 redi·
1093 3262 1247 3332 proxiruuur
1273 3277 1280 3314 :
1302 3258 1420 3330 propriis
1449 3269 1515 3310 uero
1534 3249 1615 3307 maiis
1636 3250 1828 3313 consideratis,
1856 3247 1883 3301 iu

246 3347 302 3418 gis,
319 3352 348 3400 ut
363 3342 486 3399 membra
505 3359 566 3415 quae
579 3344 729 3400 extribuisti
747 3360 823 3399 arura
841 3344 995 3416 iniquitatis
1008 3348 1042 3405 ad
1092 3362 1241 3423 causpectu
1262 3349 1347 3405 diuiui
1366 3347 1473 3403 iudicis
1493 3353 1606 3403 accuset
1632 3343 1764 3412 seipsum.
1784 3339 1813 3394 iu
1831 3338 1884 3394 boc

246 3441 437 3511 iniquitatem,
458 3441 581 3496 serviant
595 3439 712 3509 justitiae
732 3442 759 3495 in
784 3443 1040 3500 sarretilrcutienem.
1093 3447 1164 3501 euim
1182 3459 1246 3499 rere
1261 3440 1391 3499 differunt
1404 3440 1462 3505 isti,
1474 3449 1501 3494 et
1514 3439 1551 3493 illi
1566 3439 1613 3509 qui
1629 3436 1725 3492 laisarn
1740 3442 1885 3491 sectantur

247 3534 327 3590 Stela
342 3533 430 3602 prirna
444 3531 577 3597 indueris,
590 3531 654 3587 dum
671 3534 697 3587 in
717 3535 852 3604 presseris
865 3546 892 3589 ιι
902 3534 1042 3591 laboribus

246 3623 333 3692 buius
352 3621 446 3678 muudi
459 3621 559 3676 interae
572 3623 635 3677 uitae
649 3624 862 3693 repromissione
877 3626 1038 3685 consularis.

245 3714 294 3781 Et,
313 3723 345 3771 ut
356 3712 454 3769 arelius
470 3722 496 3769 te
508 3714 595 3783 ipsane
616 3730 783 3785 eoqrroseere
799 3718 905 3786 possis,
926 3716 1041 3784 ruitum,

246 3814 370 3875 gestum,
387 3803 523 3871 babiturn,
547 3804 576 3861 in
594 3805 706 3876 speculo
732 3807 803 3868 sacri
818 3808 922 3877 eloquii
944 3808 1000 3862 uult
1016 3818 1042 3864 tc

246 3900 349 3958 taciem
374 3907 448 3955 tuam
465 3912 641 3968 componere,
661 3907 689 3954 et
711 3899 841 3955 arlrrrirari
862 3917 869 3954 :
887 3900 949 3971 quia
970 3901 1042 3955 sicut

247 3995 275 4050 iu
289 3993 405 4066 speculo
424 3993 561 4050 materiali
572 3994 660 4049 torma
677 4000 706 4049 et
721 3991 881 4047 deformitas
900 3992 1042 4063 cognesci-

247 4099 306 4153 tur,
318 4089 358 4143 sie
375 4098 403 4142 et
419 4087 444 4142 iu
459 4086 570 4159 speculo
589 4086 665 4142 verbi
680 4084 728 4140 bei
744 4085 859 4141 uirtutes
877 4093 905 4139 et
918 4083 982 4139 uitia
994 4099 1043 4140 eo·

246 4190 433 4251 gueseurrtur.
456 4179 494 4234 tbi
516 4193 582 4251 ergo
596 4186 707 4249 oportet
719 4188 746 4232 te
764 4188 893 4233 ornatum
904 4193 1040 4248 quaerere,

246 4283 277 4327 ιιι
296 4272 326 4327 iu
351 4272 490 4328 nrandatis
513 4271 561 4327 bct
585 4285 736 4341 cognoscas
749 4270 868 4342 qualiter
883 4271 1039 4337 rtrcrutun,

245 4362 290 4418 rel
304 4365 332 4418 ira
349 4363 393 4419 uia
406 4362 453 4418 bei
474 4361 668 4417 ambulandum
682 4362 726 4424 sit,
742 4362 807 4433 quid
821 4361 882 4426 tibi,
897 4361 962 4431 quid
974 4360 1039 4428 beu,

245 4453 316 4524 quid
334 4455 460 4524 presinro
475 4454 588 4519 debeas,
604 4462 631 4508 et
646 4452 759 4509 ornuiuo
784 4467 816 4516 ea
833 4467 894 4522 quae
921 4453 955 4507 ad
983 4453 1039 4510 ele·

1089 3537 1239 3605 justitiane,
1253 3535 1326 3605 quod
1341 3533 1387 3588 isti
1403 3531 1479 3602 parui
1497 3532 1524 3585 iu
1543 3531 1632 3587 oeulis
1645 3532 1703 3584 suis
1714 3527 1818 3598 seipsos
1831 3526 1882 3580 be·

1093 3633 1212 3696 miliana,
1230 3630 1268 3685 illi
1285 3628 1493 3700 magnificantes
1508 3624 1624 3696 seipsos,
1637 3640 1699 3680 eum
1725 3621 1793 3677 nibil
1814 3621 1880 3684 sint,

1092 3733 1208 3779 ceteros
1232 3735 1328 3776 omnes
1351 3734 1381 3775 se
1395 3719 1532 3783 aestimant
1547 3714 1705 3771 irrieriores.
1718 3710 1883 3767 Reuerentia

1093 3830 1157 3870 reru
1183 3813 1322 3879 Creatoris
1346 3819 1401 3877 est,
1430 3817 1461 3864 ut
1486 3807 1577 3863 orrruia
1605 3822 1667 3877 quae
1690 3806 1760 3861 irene
1786 3800 1883 3856 iecerit

1093 3908 1186 3973 borno,
1201 3906 1256 3961 beo
1269 3913 1297 3962 ιι
1313 3920 1366 3958 eron
1390 3901 1507 3971 propriae
1524 3899 1619 3953 uirtuti
1644 3896 1788 3959 attribuat,
1805 3891 1882 3946 illurn

1092 4007 1228 4052 rectorem
1254 3994 1315 4047 ιιι
1330 4007 1387 4047 sue
1414 4000 1442 4044 et
1469 3986 1662 4045 auxiliatorem
1691 3990 1775 4054 qrouat
1793 3980 1882 4037 :etsi

1091 4088 1157 4160 quid
1174 4085 1285 4142 dubium
1309 4082 1352 4138 vel
1377 4088 1552 4151 suspectum,
1573 4078 1595 4134 si
1622 4077 1687 4147 quid
1716 4073 1883 4129 laboriosum

1092 4181 1134 4237 uel
1149 4177 1334 4251 periculosum
1349 4173 1524 4248 provenerit,
1540 4171 1615 4228 ilium
1630 4171 1719 4243 priruo
1733 4167 1795 4223 loeo
1808 4164 1883 4220 esti·

1092 4284 1148 4330 ruet
1161 4270 1368 4330 consulendum.

1128 4367 1162 4421 Et
1174 4364 1283 4435 quidem
1299 4361 1333 4418 ad
1347 4362 1397 4417 bas
1419 4363 1527 4432 nuptias
1548 4358 1655 4415 inuitati
1664 4356 1730 4427 iusti
1744 4364 1818 4422 suut,
1833 4351 1882 4410 seri

1091 4459 1177 4523 beati,
1193 4460 1240 4529 qui
1255 4457 1290 4512 ad
1314 4469 1421 4511 coenam
1434 4453 1504 4526 Aqui
1521 4451 1608 4509 uocati
1624 4460 1698 4505 sunt.
1716 4448 1799 4506 Forte
1820 4446 1882 4502 ideo

245 4546 367 4602 ‘limem
381 4554 410 4599 0¹
424 4542 516 4614 11811111
530 4543 681 4613 perfidem·
697 4545 723 4600 Ν
737 4553 778 4599 911
792 4543 850 4599 Sile
865 4542 899 4598 all
915 4557 1035 4598 al¹l0l0¹¹¹
1052 4535 1074 4590 Ῑ)
1089 4551 1176 4615 beati,
1190 4550 1254 4621 quia
1270 4563 1325 4603 noe
1343 4545 1466 4603 esurient
1488 4558 1575 4612 rreque
1592 4541 1685 4597 sitient
1698 4538 1833 4609 amplius:
1847 4550 1881 4592 eo

246 4640 394 4702 uirtutum,
409 4637 467 4693 sire
484 4636 519 4693 ad
533 4637 626 4692 odium
643 4636 783 4693 uitiorum.
808 4634 905 4697 Postea
927 4635 1038 4690 tertium

246 4731 397 4802 apponitur
408 4729 550 4797 lereulem,
560 4729 633 4800 quod
642 4741 684 4785 est
695 4729 830 4799 reparatio
842 4729 974 4784 bonorum
989 4744 1039 4785 ua·

247 4821 388 4886 ruralium
401 4821 460 4891 ipsa
473 4831 536 4875 ιιιιιι
546 4821 688 4887 merueris,
700 4820 834 4884 ruiurrtas,
843 4821 911 4874 ratio
921 4829 948 4874 et
959 4819 1039 4878 iutel-

246 4916 335 4971 leelus
347 4930 354 4967 ι
368 4923 397 4968 nt
412 4915 538 4970 ridctreer
551 4915 681 4971 urcnreria
695 4916 777 4969 ileum
794 4913 904 4979 recolat,
916 4915 1038 4970 veluntas

248 5015 375 5077 appetat,
392 5007 463 5062 ratio
480 5007 620 5078 inquirat,
644 5007 800 5063 intellectus
811 5006 1035 5076 eompreberulat.

281 5098 343 5156 lam
362 5115 438 5156 neue
449 5100 482 5154 ad
497 5102 632 5155 secundas
645 5100 779 5155 transitur
797 5099 916 5169 nuptias,
931 5099 1037 5154 scilieet

244 5192 467 5264 propagationis,
483 5193 509 5247 iu
524 5193 622 5262 quibus
637 5191 704 5247 nibil
726 5207 866 5259 eruamur,
884 5191 951 5246 nibil
969 5190 1038 5260 iuiu-

245 5284 379 5349 eurrdnm,
393 5285 460 5339 uilril
474 5286 647 5340 irrbonestnur
659 5285 814 5355 reperitur:
827 5283 926 5353 quippe
938 5298 1037 5353 sperma

244 5376 272 5430 iu
286 5378 470 5434 secretarium
496 5376 595 5446 Sponsi
610 5376 651 5432 sui
675 5375 809 5441 admissa,
827 5376 902 5430 illuur
924 5375 1035 5445 cogitat,

1090 4641 1160 4712 quod
1178 4641 1282 4709 Agrius,
1297 4639 1384 4709 quiin
1403 4637 1493 4692 medio
1505 4635 1626 4706 ipsorum
1640 4642 1692 4699 est,
1710 4639 1784 4701 reget
1805 4629 1888 4694 illos,

1090 4735 1148 4804 ipse
1162 4733 1312 4804 praecinget
1337 4747 1368 4787 se
1399 4739 1427 4786 ιι
1450 4728 1534 4783 saciet
1558 4725 1622 4781 illos
1649 4723 1835 4784 discumbere,
1852 4728 1879 4774 et

1090 4827 1227 4881 transiens
1242 4825 1410 4881 ministrabit
1433 4823 1498 4878 illis.
1525 4820 1559 4875 Et
1583 4819 1610 4873 iu
1639 4817 1682 4872 bis
1698 4831 1764 4886 erqo
1778 4812 1880 4883 nuptiis

1090 4918 1141 4971 tria
1159 4915 1260 4972 lercula
1283 4931 1390 4986 sponsae
1417 4921 1601 4984 apponuntur,
1615 4923 1732 4979 quorum
1760 4905 1880 4976 primum

1088 5019 1130 5063 est
1155 5018 1260 5062 naturae
1272 5005 1441 5076 incorruptio
1455 5022 1462 5059 a
1476 5002 1637 5066 secuudum,
1653 4999 1778 5068 corperis
1794 4996 1880 5068 gieri-

1089 5101 1181 5156 sreatie
1208 5117 1215 5152 ι
1242 5099 1363 5163 tertium,
1394 5095 1522 5166 percurris
1551 5093 1598 5148 bei
1624 5093 1702 5148 risio.
1731 5089 1801 5158 Quid
1828 5090 1879 5142 bae

1088 5193 1255 5250 beatitudine
1282 5192 1388 5246 beatius
1402 5203 1466 5246 esse
1488 5198 1588 5257 potest,
1618 5187 1720 5255 inqua
1748 5184 1877 5237 incorru-

1088 5288 1147 5357 ptio
1176 5284 1280 5348 sitium,
1308 5279 1469 5352 glorificatio
1498 5276 1717 5340 incorrrurodurrr,
1739 5270 1785 5325 bei
1809 5267 1877 5323 risle

1088 5378 1191 5434 luctum
1206 5388 1233 5431 et
1244 5374 1365 5429 dolerem
1381 5371 1467 5428 tertiat
1488 5368 1565 5425 Beati
1577 5383 1642 5439 erqo
1659 5366 1705 5436 qui
1722 5363 1756 5418 ad
1769 5376 1877 5417 coeuam

244 5468 324 5524 ilium
340 5472 424 5547 aur'at,
438 5480 465 5525 et
480 5469 638 5537 eustracius
665 5469 782 5525 irriraeret
804 5468 975 5538 amplexibus
995 5465 1067 5533 tii-22,
1088 5474 1243 5541 nuptiarum
1261 5468 1329 5539 rigui
1358 5464 1447 5520 uocati
1462 5471 1537 5528 suut,
1552 5462 1579 5517 iu
1594 5475 1647 5529 qua
1660 5459 1740 5528 piena
1755 5455 1876 5516 satietas,

243 5577 311 5618 cens
321 5579 328 5614 ι
339 5561 460 5618 Dilectus
475 5578 551 5618 incus
564 5561 641 5625 milri,
653 5572 679 5619 et
694 5575 746 5631 ege
763 5561 801 5617 ilii
816 5560 905 5631 (Ceut.
922 5560 964 5628 ιι).
977 5512 1276 5709 διφιοιιιιιιιιιιιιιι
1286 5556 1422 5627 voluptas,
1437 5563 1463 5610 et
1474 5550 1720 5621 bealajecurrditas
1731 5544 1877 5610 irrrerriarr,

244 5653 326 5724 leuge
353 5654 391 5708 sit
416 5656 527 5725 :uertique
555 5666 728 5727 peccatorem
756 5656 920 5721 delectatio,
948 5667 1009 5710 cess
1059 5650 1065 5688 ·'
1087 5638 1117 5710 ut
1133 5654 1253 5709 currules
1269 5650 1341 5706 illius
1354 5657 1524 5706 caenaeextra
1539 5644 1611 5702 illarn
1629 5643 1696 5699 rrilril
1713 5639 1817 5712 possint
1831 5652 1879 5707 ap·-

245 5762 325 5802 arrrer
347 5748 459 5817 arraudi,
476 5766 529 5804 uerr
546 5750 631 5805 trabit
650 5750 723 5805 illam
743 5748 858 5805 affectus
885 5749 1036 5818 sauguinis,
1089 5757 1191 5821 petere,
1203 5744 1249 5816 qui
1262 5743 1412 5812 Deurn,qui
1423 5749 1465 5797 eal
1476 5740 1567 5796 omnia
1587 5737 1613 5793 in
1637 5737 1764 5793 omuibus
1776 5732 1801 5807 il
1814 5734 1876 5788 Cer.

232 5845 288 5915 qut
302 5842 436 5915 quiequid
451 5845 599 5904 desiderari
616 5835 706 5915 petest
731 5859 814 5915 super
835 5855 933 5919 terram
951 5860 958 5901 :
974 5844 1037 5915 quia
1089 5850 1198 5912 sarriri,
1214 5841 1335 5912 perlecta
1350 5835 1386 5893 ibi
1399 5841 1549 5892 noscuntur
1563 5830 1713 5903 possidere.
1727 5826 1802 5884 ilenti
1813 5837 1876 5893 erqo
