4425 6450
369 372 423 429 sta

994 357 1099 417 retur
1118 354 1355 413 i'lCi'biiEbSlS

1948 344 2013 430 us..

369 502 411 541 ne
424 502 431 540 ι
446 482 587 541 nonenim
605 480 690 549 exigit
703 487 799 532 tantuna
819 473 966 530 locutionis
980 473 1014 527 aat
1027 474 1070 528 sui
1089 488 1156 526 cen·
1171 476 1192 530 t
1210 472 1355 527 arvuteviale
1368 470 1513 542 arbectlre,
1531 481 1556 525 et
1573 472 1625 528 laec
1636 485 1736 527 nemen
1753 472 1921 535 enanieerenr
1934 475 2003 530 sub·

369 580 515 651 genitatern
532 572 725 644 perileicurlam
741 584 839 623 nornen
861 570 888 622 in
909 566 1009 637 plurali
1032 581 1156 629 rattrnere,

371 685 432 725 ctrtn
450 666 600 738 suppositio
612 664 684 717 iacta
706 676 755 731 pce
774 659 961 716 nominativos
975 658 1158 730 personaliter

369 764 421 818 sibi
433 761 584 829 copulatus,
596 757 652 825 iam
664 756 763 812 buttem
789 770 804 809 a
821 754 906 808 terite
924 754 997 822 urtecl
1012 753 1156 822 exigebat,

369 856 395 909 iil
409 865 451 910 est
466 852 686 907 conformitatem
711 850 737 905 in
747 848 890 903 tecnttrare
910 847 1030 901 ttuaueri.
1047 846 1087 902 en
1100 848 1124 902 le
1142 863 1158 902 a

369 946 443 1001 nulia
463 946 515 999 alia
532 943 654 998 dictione
669 940 786 1011 amplius
811 940 916 1007 alienia!
931 949 1084 1009 exspectat.
1100 940 1158 995 lane

368 1034 474 1088 ettantsi
491 1033 600 1087 :abesset
615 1045 696 1085 uanne
711 1030 836 1093 verbum,
854 1046 907 1084 nen
921 1041 1014 1097 pnssct
1029 1031 1088 1085 brec
1099 1030 1159 1088 etc·

370 1127 406 1181 tin
417 1125 518 1194 justus,
533 1123 574 1177 vel
587 1123 639 1176 alia
656 1123 746 1191 aliona
758 1138 818 1192 qtrae
831 1121 864 1175 sit
881 1138 991 1184 nomen,
1003 1122 1044 1177 vel
1058 1138 1157 1192 prene-

367 1231 441 1282 men,
460 1215 501 1268 vel
514 1213 699 1282 ptatrticipirnn,
724 1213 812 1266 inerim
827 1211 901 1265 vetlti
914 1212 940 1265 iu
958 1213 1009 1267 ltec
1033 1212 1158 1282 suptplere

368 1318 400 1365 ιιι
426 1308 551 1364 recideret
572 1307 714 1374 supptesito
732 1302 953 1358 conformitatem
976 1304 1157 1358 accidentium

368 1417 430 1456 curn
448 1400 617 1469 pericctiene
633 1397 796 1461 ioerttionis;
814 1411 876 1449 carru
893 1396 996 1465 absque
1011 1398 1086 1451 omni
1103 1396 1156 1451 alia

367 1492 486 1548 dictione
498 1492 534 1546 sit
550 1490 670 1560 perlecta
687 1490 790 1554 oratio,
804 1490 909 1558 altsapre
925 1491 1008 1543 verbe
1023 1490 1158 1543 tutareris-

323 1623 325 1628 ·
370 1588 436 1642 iitcr
462 1585 588 1655 apposito
605 1583 677 1638 nuile
697 1593 738 1636 cst
764 1582 994 1650 eratiepeviecta.
1021 1582 1086 1649 Ejus
1116 1590 1158 1638 est

366 1679 449 1733 etiarn
464 1676 636 1748 appositione
662 1673 819 1736 locutionis.
844 1689 906 1728 curru
928 1674 963 1727 sir
981 1683 1043 1727 neta
1059 1689 1156 1728 cernrn

366 1785 429 1835 errae
439 1769 472 1823 ale
486 1768 573 1824 altere
586 1768 725 1822 dicuntur.
740 1766 768 1820 lu
785 1767 862 1821 turrile
880 1766 934 1819 alia
946 1766 1027 1820 etiarn
1039 1766 1159 1821 ‹iiretiene

1210 565 1339 619 stantivc.
1356 564 1420 618 laice
1432 580 1486 620 nen
1501 573 1544 620 est
1557 579 1650 620 verum
1674 566 1747 633 priori
1768 565 1919 621 sustineret
1933 568 2003 621 ratio

1210 654 1359 711 locutionis
1373 657 1426 711 ltee
1441 674 1540 715 nomen
1555 668 1609 712 tres
1621 656 1686 727 peni
1705 656 1892 723 srtbstsnrive,
1906 667 1934 713 et
1950 659 2003 714 lroe

1211 763 1311 801 nenton
1327 751 1493 817 omnipotens
1507 751 1655 819 aeliectitc.
1675 751 1776 805 i'erunt
1788 760 1862 806 esset
1876 753 1950 821 errori
1963 754 2005 809 sie

1210 839 1347 894 eliceretnr
1360 852 1420 893 sum
1438 851 1490 895 tres
1503 843 1704 910 omnipotentes.
1723 841 1764 896 ttu
1785 842 1856 899 baruc
1872 859 1944 912 erge
1959 860 2004 898 ar·

1209 931 1440 997 garrirentationem
1453 947 1513 1000 qttae
1528 935 1568 988 sic
1579 933 1735 987 terreatur:
1753 932 1845 1002 Peter,
1861 945 1887 989 et
1901 933 2011 1002 vrttes,

1210 1030 1233 1074 et
1248 1020 1364 1089 Spiritus
1388 1035 1498 1078 sanctus
1521 1035 1583 1078 sum
1597 1035 1649 1080 tres
1673 1027 1798 1089 cicentes,
1822 1038 1847 1081 et
1865 1037 2004 1093 sttnttres,

1208 1129 1319 1181 rement
1335 1115 1442 1184 quilibet
1451 1127 1492 1169 est
1516 1119 1610 1172 riuus:
1629 1133 1693 1186 erpo
1714 1130 1777 1172 sest
1801 1128 1856 1172 tres
1868 1120 1932 1177 siri.
1956 1120 2013 1175 Sic

1210 1205 1367 1263 iustarniurn
1390 1208 1416 1262 in
1438 1208 1521 1265 sintiii
1546 1210 1765 1280 aeqttivecatieue
1787 1229 1794 1265 ι
1818 1212 1959 1280 Serretes,
1977 1224 2005 1268 et

1210 1294 1301 1363 Pluto,
1315 1309 1339 1351 et
1354 1298 1446 1354 Cicero
1461 1309 1523 1353 sttrrt
1547 1309 1600 1353 tres
1620 1301 1763 1354 sentientes
1785 1300 1866 1356 uiieui
1887 1302 2002 1369 bertini,

1208 1397 1233 1440 et
1255 1399 1315 1442 sunt
1331 1398 1384 1443 tres
1400 1406 1513 1461 puerum
1531 1392 1639 1462 quaiiibet
1661 1403 1698 1446 ext
1714 1410 1805 1447 servus
1824 1395 1942 1463 uticnjus
1953 1397 2003 1449 be·

1208 1481 1286 1534 natiuis
1296 1498 1374 1551 :eree
1385 1495 1444 1536 sunt
1459 1495 1512 1537 tres
1525 1484 1593 1538 serui
1611 1485 1728 1551 aiicujus
1748 1487 1850 1539 denrini
1861 1487 1901 1541 eei
1914 1489 2001 1541 lietui-

1209 1576 1260 1627 m's.
1274 1573 1337 1629 item
1353 1592 1361 1628 :
1378 1576 1471 1643 Peter,
1488 1586 1513 1630 et
1527 1576 1623 1643 Filios,
1638 1590 1663 1633 et
1683 1578 1800 1645 Spiritus
1812 1589 1923 1634 sanctes
1938 1591 2001 1636 sent

1209 1676 1259 1719 trea
1272 1667 1317 1735 ptri
1329 1680 1438 1735 pessum
1453 1672 1559 1734 ercinia:
1572 1670 1664 1734 Peter,
1677 1683 1700 1726 et
1718 1668 1825 1732 Filius.
1841 1683 1865 1725 et
1883 1670 2001 1741 Spiritus

1209 1766 1316 1812 serretur
1330 1770 1390 1812 sunt
1410 1772 1462 1814 tres
1484 1777 1596 1832 querum
1619 1763 1729 1831 quilibet
1753 1774 1792 1817 est
1812 1764 2001 1831 omnipotens:

367 1861 401 1914 ιιίι
414 1862 464 1914 liar
479 1858 654 1915 distinctione
665 1874 779 1928 pomona
792 1856 928 1912 iuvantur
938 1857 999 1912 talis
1016 1858 1156 1914 distinctio
1175 1829 1268 1919 Ber-po
1283 1861 1343 1905 ttttti
1358 1862 1409 1905 tres
1420 1852 1618 1921 omnipotentes,
1629 1854 1704 1908 tatia.
1722 1852 1855 1919 Secrutes,
1866 1866 1892 1910 et
1910 1853 2001 1922 Pluto,

365 1945 569 2010 sarbintellecta,
593 1962 642 2015 per
665 1946 743 2012 ctajrrs
764 1946 987 1999 srtliintelieetrnn
1005 1948 1092 2014 pessit
1106 1964 1156 2002 nn·
1207 1953 1231 1996 tt
1245 1943 1335 1998 Cicero
1351 1956 1412 1997 sant
1430 1955 1484 1999 tres
1498 1944 1625 2015 iacientes
1642 1945 1791 2015 pontificem
1814 1948 1895 2000 uairrs
1910 1948 2001 2001 eirico·

365 2054 428 2093 mco
457 2038 603 2107 pluraliter
625 2040 773 2107 prelatum,
800 2040 952 2094 essentiam
979 2039 1156 2107 singulariter
1207 2036 1999 2107 tia,esunttresquoruuputtttereu‚rorartteaunuaet

365 2127 527 2196 ‹lesignare;
543 2136 568 2181 et
585 2128 648 2198 qrria
661 2137 786 2182 ttcrrtrunt
804 2143 898 2181 eevnm
921 2144 982 2197 earm
999 2129 1071 2183 clieta
1088 2140 1153 2182 sum
1208 2128 1294 2180 citatis
1308 2144 1314 2181 ι
1329 2143 1390 2195 eree
1402 2137 1462 2181 suut
1475 2129 1669 2194 trespoatifices
1690 2126 1744 2182 tica
1756 2128 1791 2181 sit
1808 2129 1856 2182 tilii
1872 2129 2003 2183 riaiieule·

364 2218 506 2273 iarvenitur
532 2222 558 2274 in
580 2220 672 2291 alique
701 2221 835 2276 vocabule
857 2222 1014 2285 essentiali,
1050 2225 1101 2277 nisi
1128 2224 1154 2277 iu
1207 2234 1267 2272 sunt
1301 2219 1452 2287 ltrrjustnecli
1474 2219 1666 2274 cavillationes
1689 2221 1762 2288 (errae
1777 2220 1813 2275 ibi
1834 2221 1938 2275 iecviut
1954 2223 2002 2275 eti

364 2310 507 2376 verbis,et
524 2309 836 2382 lutcrternineperseam,
855 2313 956 2366 turrilum
974 2328 1067 2367 eorunm
1095 2316 1156 2384 plu·
1210 2323 1314 2379 spirante
1341 2313 1493 2381 simpljcins
1517 2322 1593 2368 tante
1621 2312 1804 2369 cevrssdentius
1830 2314 2003 2378 anibulatnri

367 2406 464 2461 taliter
478 2405 613 2474 prelatum
644 2406 770 2475 designat
791 2407 940 2460 essentiam
966 2406 1153 2475 singulariter,
1207 2403 1343 2459 similibus
1366 2404 1590 2459 cavillationibus
1610 2406 1778 2470 returulcre;
1802 2404 1842 2459 sic
1858 2407 1931 2460 enirn
1952 2422 1999 2458 aas

363 2497 411 2551 secl
432 2495 574 2565 plenaliter
596 2498 786 2567 cerisigniticat
807 2499 879 2551 cirea
894 2500 1058 2554 essentiam.
1079 2498 1155 2554 Uranie
1207 2495 1428 2561 artedelurlitnr,
1446 2497 1485 2550 sic
1509 2496 1579 2562 (iso.
1598 2497 1651 2567 tn.)
1671 2508 1762 2552 vertex
1786 2498 1906 2552 tiliarum
1934 2500 2001 2554 Sion

364 2606 418 2645 nen
434 2601 478 2645 est
491 2591 639 2645 dicendum
654 2608 660 2644 :
680 2588 760 2645 i'uter
772 2604 796 2645 er
810 2590 833 2643 F
836 2591 898 2644 itinn
912 2601 972 2646 sarm
988 2594 1061 2656 uerri,
1070 2592 1152 2660 justi,
1206 2588 1280 2641 sient
1298 2603 1358 2657 orire
1369 2586 1439 2641 celle
1452 2596 1563 2641 extetrte
1574 2588 1725 2650 arrvbnlant,
1748 2589 1907 2643 decalvatur
1921 2591 2002 2660 litii:

362 2684 403 2740 uei
414 2685 558 2752 sortientes,
578 2684 621 2737 rei
635 2684 700 2751 unici
719 2684 792 2737 altrat
818 2684 966 2740 essentiale
983 2700 1115 2753 apponas.
1206 2680 1245 2734 sic
1260 2680 1357 2749 etiami
1375 2681 1478 2748 lapirics
1506 2680 1533 2732 in
1557 2679 1672 2734 aeteae
1696 2680 1831 2735 Sannaus
1846 2682 2001 2736 dirrtnutur

399 2776 432 2829 nr
454 2776 526 2829 dicet
539 2773 639 2845 aiiqtvis
655 2789 663 2827 ι
680 2773 751 2842 Ergo
770 2790 824 2828 nort
838 2782 878 2828 est
898 2774 1083 2842 recipiendane
1102 2776 1155 2844 10
1208 2770 1301 2837 (blicis.
1315 2772 1353 2840 t);
1381 2771 1422 2827 sie
1449 2770 1565 2827 elevatis
1585 2770 1710 2825 hostibus
1736 2773 1763 2826 in
1783 2772 1929 2828 tumultum
1948 2774 2001 2830 ier·

362 2868 460 2923 eatiern
475 2866 592 2933 rarione,
611 2864 726 2919 Peteret
743 2863 901 2919 Filiessunt
919 2868 1041 2929 uiuentes,
1054 2867 1093 2920 uel
1107 2884 1155 2937 pro·
1207 2880 1294 2929 renni,
1311 2863 1392 2918 ttasta
1413 2875 1440 2919 et
1457 2866 1610 2933 citicesejus
1631 2865 1658 2918 in
1680 2862 1772 2933 lugam
1795 2876 2001 2921 conuertuntur

365 2968 449 3013 tentes
464 2958 643 3027 antelucanis
662 2971 713 3012 nec
735 2957 762 3012 in
789 2957 933 3027 participio
952 2957 1062 3026 aliquerl
1085 2957 1153 3011 iste·
1206 2953 1275 3024 (isa.
1287 2954 1337 3025 vx.)
1346 2953 1412 3009 lteut
1423 2954 1505 3010 Pater
1516 2964 1545 3009 ct
1559 2955 1644 3010 Filius
1655 2963 1718 3010 sont
1729 2954 1856 3011 mulieres
1868 2958 1995 3030 erigetis:

364 3061 425 3102 rum
440 3047 618 3115 repetituros
633 3048 721 3116 ipsum
745 3048 778 3102 ale
801 3047 856 3101 [teo
879 3048 983 3102 clictmn
1001 3052 1151 3102 csezcutiain
1206 3060 1270 3115 ‹r5e
1293 3056 1357 3100 sucat
1383 3046 1446 3101 beni
1464 3048 1506 3101 vei
1522 3057 1619 3103 neuter
1634 3056 1675 3101 est
1699 3047 1794 3111 betrus,
1818 3046 1918 3102 velita
1944 3066 1998 3103 noa

363 3151 418 3193 nen
442 3149 534 3193 actutu
562 3138 713 3209 siginificat,
737 3138 800 3207 quia
820 3153 881 3207 rrttae
905 3138 989 3192 dictio
1015 3138 1088 3193 clieta
1118 3140 1187 3218 dcc
1207 3148 1269 3191 stunt
1285 3138 1348 3193 beni
1362 3154 1369 3189 ι
1385 3153 1450 3209 erge
1471 3155 1524 3193 nen
1547 3150 1610 3194 sum
1633 3141 1760 3196 meliores
1783 3141 1909 3208 angelis:
1930 3156 2000 3210 ergo

361 3240 488 3285 ereatura
508 3241 600 3287 aetum
626 3231 775 3301 sipiriticat,
796 3229 944 3282 essentiam
962 3230 1039 3299 ponit
1053 3232 1085 3285 cle
1097 3232 1152 3286 eco
1206 3246 1258 3283 non
1271 3232 1428 3300 praecellunt
1446 3234 1558 3303 angeles
1572 3233 1706 3300 beatitate,
1719 3235 1792 3304 qnod
1807 3244 1918 3290 emrstat
1933 3251 1999 3292 csse

362 3321 445 3375 clieta.
464 3319 643 3390 Uardeplurcs
657 3320 793 3375 essentias
817 3319 912 3373 rialeor
936 3335 1074 3390 apponere
1089 3339 1151 3378 cum
1206 3321 1457 3393 tatsntn.ueqnana
1479 3326 1732 3394 aegtttentatienertt
1756 3327 1837 3383 iacile
1858 3339 1902 3384 est
1927 3333 1998 3387 clare

363 3411 436 3472 elice.
450 3409 533 3464 Peter
544 3407 665 3464 erFiir'us
679 3420 739 3463 sum
762 3411 890 3473 uincentes,
911 3409 983 3464 sicut
1005 3425 1067 3465 cum
1089 3413 1151 3470 ilice
1205 3412 1362 3466 instantiam
1382 3414 1529 3471 siccitate
1543 3415 1671 3472 Pontium
1686 3433 1739 3472 nen
1758 3428 1800 3474 est
1814 3419 1894 3476 tiniec
1907 3437 1915 3475 ι
1931 3436 2000 3492 erge

362 3511 423 3555 sunt
436 3503 495 3557 aiei.
513 3500 589 3569 Quaeri
606 3501 753 3570 dupliciter·
766 3510 807 3556 cst
824 3503 940 3557 scrivere.
956 3503 1053 3557 iticarnt
1067 3506 1151 3572 ernian,
1205 3520 1258 3560 rien
1274 3514 1317 3561 est
1335 3506 1442 3562 dulcius
1463 3524 1545 3579 quam
1566 3519 1664 3566 caetera
1678 3512 1784 3577 trrat·ia;
1810 3513 1853 3567 vel
1872 3514 1998 3572 eiecisti

363 3591 534 3664 panticipium
548 3593 713 3662 itapesitnnt
729 3605 822 3648 actttru
838 3594 974 3664 signiticut
990 3594 1148 3663 pluraliter,
1205 3595 1320 3651 oenones
1342 3611 1396 3651 tren
1416 3606 1480 3652 sunt
1502 3601 1591 3670 anagni
1610 3617 1697 3670 :erge
1713 3617 1767 3657 nen
1787 3612 1852 3658 sunt
1878 3604 1999 3673 tuciores

362 3689 534 3758 uenquieat
555 3687 582 3743 iu
601 3686 677 3750 beo,
700 3685 960 3753 sedivtereatnris;
983 3698 1010 3740 et
1029 3688 1090 3743 tuen
1114 3689 1151 3743 nil
1204 3687 1263 3742 istis
1288 3688 1398 3758 lapillis,
1413 3690 1467 3757 vel,
1491 3691 1584 3746 elecem
1614 3694 1767 3749 militenen
1797 3704 1862 3751 snut
1889 3697 1995 3767 penei·

364 3782 462 3851 prebat
482 3779 627 3851 pluraliter
647 3778 722 3835 elici.
749 3777 802 3834 Secl
833 3779 925 3833 verius
946 3778 1053 3832 vitietur
1078 3781 1152 3848 quaeri
1203 3796 1269 3851 erge
1282 3796 1335 3836 nen
1352 3791 1413 3837 euru
1425 3784 1555 3853 pauciora
1569 3783 1664 3855 viginti
1680 3786 1808 3842 millibus.

361 3874 511 3929 aeserniam
525 3870 681 3942 sigtaibcet,
695 3880 723 3926 et
743 3870 856 3938 ponitur
870 3870 960 3925 eratin
972 3878 1101 3925 constans
1115 3887 1148 3925 ex

361 3967 446 4020 verbe
464 3963 587 4032 sutajecro
601 3973 628 4018 et
643 3962 788 4034 participio
800 3961 860 4018 lece
875 3963 956 4017 utrius
972 3962 1047 4018 verbi
1077 3964 1150 4032 qrrnai

361 4058 397 4112 tle
411 4058 467 4112 Dee
481 4058 584 4112 riictum
600 4056 748 4111 essentiam
777 4056 919 4126 proclinat.
943 4053 1021 4112 Uinde
1050 4056 1151 4124 recipi·

361 4159 417 4217 tur,
436 4149 517 4204 Peter
529 4146 652 4204 erb's'lius
664 4159 725 4203 suun
745 4149 869 4214 uiuentes,
885 4149 911 4202 id
926 4157 968 4203 cst
982 4149 1087 4214 vivuat,
1101 4149 1150 4204 secl

362 4242 474 4303 nonita,
488 4249 549 4296 sunt
565 4240 636 4303 aiei,·
651 4239 714 4307 ertia
731 4253 784 4293 nen
801 4248 844 4293 est
863 4238 982 4303 neminis
1002 4241 1065 4309 peni
1087 4255 1149 4295 cnut

347 4324 459 4398 'verbm
476 4331 635 4398 lacusculi,
652 4331 723 4385 sieut
741 4331 890 4400 participii.
920 4394 928 4401 ,

1238 3894 1391 3952 Notandum
1407 3907 1496 3952 tamen
1520 3906 1563 3952 est
1586 3899 1737 3954 serentium
1758 3900 1931 3970 stvptradicta,
1944 3902 1998 3956 l’a-

1203 3998 1244 4043 ter
1258 3999 1285 4044 et
1299 3989 1384 4044 Filius
1407 3999 1472 4045 suut
1494 3989 1625 4046 meliores
1648 3992 1773 4060 angelis;
1798 3996 1867 4047 ltent
1883 4010 1892 4048 r
1910 3994 1998 4050 l‘atcr

1201 4082 1405 4139 etFilinssuut
1427 4098 1505 4153 aeque
1527 4092 1666 4155 petentes,
1690 4086 1732 4140 vei
1754 4097 1817 4142 sum
1837 4091 1997 4146 coaeternis

1201 4191 1267 4248 erge
1292 4188 1359 4234 snut
1379 4179 1486 4233 aeterui.
1514 4178 1634 4233 Fallacia
1661 4179 1708 4234 lsti
1732 4188 1794 4235 serit
1819 4181 1996 4236 corrivatrese

1201 4281 1268 4336 erge
1287 4274 1352 4322 serit
1385 4267 1495 4323 tratres.
1523 4267 1594 4334 iel,
1624 4270 1676 4324 iste
1712 4277 1754 4324 est
1786 4279 1929 4339 compater
1961 4273 1995 4325 il·

1202 4359 1272 4426 lius,
1298 4373 1363 4430 erge
1384 4368 1427 4416 est
1454 4359 1536 4415 Pater
1568 4361 1651 4417 illins.
1686 4363 1739 4418 Serl
1768 4378 1822 4418 nen
1854 4367 1995 4434 provenit,

400 4443 568 4498 Sertirerum
597 4441 805 4509 irastaltit.rpria
825 4441 1150 4513 aliculaipeniturparti·
1203 4457 1233 4505 ut
1266 4452 1362 4516 aitrnt,
1394 4453 1458 4522 quia
1490 4452 1606 4518 velatio,
1637 4470 1689 4510 neu
1713 4457 1831 4511 essentia
1856 4457 1997 4525 signius

362 4536 462 4605 ciplnru
476 4534 619 4606 pluraliter
630 4533 675 4587 ulii
690 4549 743 4586 aren
757 4543 848 4602 potest
861 4534 926 4599 clici,
943 4535 1015 4603 qrreul
1030 4546 1150 4605 ponatur·
1204 4551 1249 4597 tur
1263 4544 1305 4598 lais
1321 4545 1450 4599 terminis
1463 4559 1539 4613 tenure
1551 4557 1680 4614 pereuntes,
1695 4551 1833 4603 coeterni.
1855 4548 1933 4604 Uiruo
1947 4567 1993 4602 aa»

361 4644 423 4684 enm
442 4626 1150 4685 verbesntastantiveleeeuninsverbi.iiurlcrnne
1203 4649 1264 4689 rnen
1295 4635 1453 4705 sigrailicans
1477 4641 1646 4706 essentiam,
1688 4642 1714 4696 iil
1749 4651 1790 4696 est
1820 4646 1915 4696 uterne·
1952 4645 1994 4700 uel

360 4719 507 4776 essetrtiatu
524 4719 635 4774 vitietur
662 4719 820 4788 siguificare
842 4717 994 4787 pluraliter,
1021 4728 1050 4773 ut
1066 4721 1088 4773 si
1109 4721 1151 4773 cli-
1200 4733 1336 4794 petentes,
1355 4741 1408 4781 non
1430 4737 1522 4797 potest
1545 4729 1609 4785 inrle
1624 4730 1730 4786 inlerri.
1748 4730 1804 4786 Nec
1824 4742 1867 4786 est
1889 4734 1995 4789 iutelli-

361 4831 420 4869 cam
435 4829 442 4866 :
458 4813 539 4867 Peter
560 4822 584 4866 et
608 4809 706 4876 Filius,
722 4821 746 4865 rt
765 4809 882 4879 Spiritus
893 4821 1001 4865 serretur
1023 4822 1085 4866 stant
1097 4824 1150 4866 tres

360 4921 441 4962 entes.
456 4906 523 4960 liant
538 4905 574 4959 ίΙιί
589 4904 698 4974 qtricletn
711 4904 888 4974 participium
903 4917 965 4957 curn
979 4904 1075 4969 revbe,
1090 4904 1149 4958 lece

360 5000 437 5054 verbi
453 4997 567 5067 ponitur
596 4997 654 5051 bue
680 4997 764 5051 dictio
788 5008 840 5050 tres
863 4995 1045 5052 substantive.
1066 4995 1149 5050 Aliud

358 5093 381 5146 si
401 5091 490 5145 ilicum
504 5094 566 5142 suut
593 5095 647 5141 tres
662 5099 746 5155 eures,
775 5089 822 5142 ulai
846 5086 942 5156 cepnla
959 5097 1003 5141 est
1023 5087 1075 5142 iaec
1088 5103 1150 5140 ver-

360 5185 424 5239 launr
438 5190 514 5246 suut,
529 5188 557 5235 et
567 5180 679 5248 ponitur
694 5177 751 5233 liae
768 5178 858 5232 eratie
873 5187 926 5232 tres
953 5187 1035 5233 entes.
1058 5176 1150 5245 Quare

357 5288 490 5344 ergeuen
506 5271 611 5327 dieitur
629 5269 755 5325 similiter
775 5279 836 5322 sunt
854 5279 908 5323 tres
921 5269 1009 5338 justi,
1025 5278 1073 5323 aut
1094 5278 1148 5322 tres

358 5365 566 5435 cornipeteutesl
582 5362 623 5418 tid
649 5363 721 5431 qrrecl
743 5360 861 5417 dicinrus
879 5361 951 5429 quaeri
976 5358 1013 5414 ibi
1035 5358 1146 5427 quinem

357 5458 471 5528 ponitur
481 5460 533 5512 laec
550 5472 651 5513 neuton
666 5467 718 5510 tres
733 5453 913 5519 substantive,
929 5462 957 5506 et
971 5449 1145 5520 participium

357 5550 494 5618 adjective
523 5551 696 5617 enrrtttiatnr,
711 5557 739 5602 et
750 5551 783 5602 acl
799 5549 960 5617 irvpaastases
975 5543 1102 5599 retertur.
1118 5544 1147 5599 Si

357 5654 424 5697 rere
442 5642 544 5696 elicitur
557 5653 618 5696 runt
632 5649 685 5695 tres
700 5642 903 5708 enttripetentes,
921 5637 1034 5705 ponitur
1047 5652 1147 5692 nomeu

395 5809 450 5882 (tt)
467 5811 622 5867 uacatuuu'r
642 5812 769 5866 Denrfunv
787 5812 906 5866 auriana
925 5811 1042 5883 plautum
1068 5812 1134 5864 Sion

1201 4819 1318 4888 gendum
1337 4820 1380 4875 liis
1415 4821 1541 4876 terminis
1568 4823 1715 4892 sigrtiiicavi
1739 4824 1921 4891 relationem,
1945 4828 1993 4883 sert

1201 4913 1348 4977 quiavariant
1395 4925 1575 4981 personarum
1616 4916 1651 4969 acl
1683 4916 1800 4970 invicem
1841 4915 1994 4971 certioreti-

1203 5003 1281 5055 tiam.
1309 5000 1338 5056 Si
1369 5003 1432 5073 ortis
1459 5014 1550 5059 tamen
1585 5006 1713 5075 inspiciat
1749 5008 1832 5062 altius
1863 5008 1995 5063 videratur

1203 5091 1252 5158 11
1269 5107 1410 5150 removere
1431 5097 1617 5165 potiusquam
1639 5107 1828 5166 poneremus
1851 5102 1992 5164 ecreternr',

1202 5186 1228 5239 irl
1243 5197 1285 5240 cst
1296 5196 1387 5241 neuter
1397 5199 1436 5242 est
1451 5193 1524 5257 prius
1535 5192 1630 5243 attere.
1648 5189 1714 5246 item
1727 5204 1778 5244 una
1792 5190 1942 5260 singularis
1951 5204 1995 5246 est

1201 5279 1321 5341 petentia
1340 5294 1394 5349 qrra
1415 5278 1497 5334 Pater
1511 5289 1540 5333 et
1561 5279 1581 5334 F
1584 5279 1645 5334 iiius
1659 5289 1775 5349 pessunt
1795 5280 1908 5335 etnuia:
1925 5298 1994 5341 ereo

1200 5387 1253 5425 neu
1263 5382 1325 5425 sunt
1334 5373 1511 5440 potentiores,
1527 5373 1575 5425 secl
1594 5380 1719 5438 petentes
1734 5370 1838 5426 entnia.
1856 5369 1990 5426 Fallacia.

1201 5459 1259 5515 Una
1276 5470 1317 5516 cst
1327 5461 1445 5516 essentia
1459 5465 1541 5516 trium
1556 5476 1736 5531 personarunt
1751 5473 1885 5530 qnaesunr
1899 5478 1907 5516 :
1922 5477 1992 5531 crgo

1199 5569 1231 5608 ca
1249 5569 1301 5608 neu
1323 5562 1388 5609 suut
1409 5565 1466 5607 tres
1487 5563 1584 5617 cutes;
1611 5555 1653 5607 vel
1678 5554 1726 5616 ira,
1743 5569 1796 5607 una
1823 5562 1866 5607 est
1882 5563 1992 5606 murrum

1200 5649 1274 5700 uetio
1287 5663 1338 5716 tpra
1353 5647 1432 5702 Patet·
1444 5658 1470 5702 et
1483 5647 1569 5702 littae
1583 5649 1689 5718 spirent
1700 5647 1833 5718 Spiritum
1848 5653 1989 5709 settcttttm
