4425 6450
901 465 1007 520 euddt
1026 462 1170 519 deustis
1189 462 1371 519 PERSENlAE

1942 469 1994 524 dot

353 579 377 638 0
403 579 532 636 virtutem
556 578 719 634 humilitatis
742 580 950 645 necessariam,
979 596 1058 651 qum,
1086 586 1149 635 duro
1164 598 1188 656 Α
1204 581 1249 635 tis.
1274 580 1347 634 intra
1365 577 1462 632 nobem
1480 577 1558 632 istam
1572 586 1688 647 receptae
1704 592 1756 631 non
1772 578 1886 643 nubent,
1905 597 1995 652 neque

352 671 473 729 aredium
486 680 562 726 tenet
575 671 629 725 hoc
648 670 738 731 modo,
757 670 916 725 moderatur
931 671 1055 741 singulm
1074 680 1103 725 ut
1119 682 1145 727 et

352 761 499 819 candorem
510 760 662 831 virgineum
679 761 795 831 castiget
808 762 986 826 verecundia,
1004 777 1039 816 tre
1051 760 1145 816 delur·

352 852 436 929 miter
451 850 573 923 palleat,
594 862 622 906 et
636 852 766 907 charitati
780 851 899 907 sollicite
912 852 1049 921 providet,
1064 867 1098 906 ne
1114 852 1148 908 de

351 943 501 999 securitate
517 942 603 999 oblita
626 943 808 999 reverentiam
833 958 881 1012 por
895 942 1051 1013 superbiam
1074 943 1149 996 inso-

350 1033 460 1091 lescat!
477 1032 526 1089 llis
540 1032 655 1091 floribus
666 1036 806 1091 ornandus
816 1044 858 1091 εει
871 1034 1046 1091 conscientias
1063 1033 1150 1090 lectu·

351 1125 407 1193 lus,
423 1126 467 1181 his
479 1124 597 1182 lloribus
612 1125 768 1182 tutcteouus
784 1137 825 1183 εει
847 1128 954 1183 animus
971 1128 1016 1198 qni
1037 1134 1150 1196 paratus

350 1229 394 1274 est
408 1219 437 1274 irr
448 1229 570 1274 muntem
582 1219 733 1276 ascendere
745 1220 788 1275 ubi
800 1218 1146 1291 transfiguraturdilectus.

352 1309 556 1379 Transtgurart
573 1311 648 1366 enim
665 1326 779 1368 necesse
794 1320 836 1367 est
856 1312 943 1381 ipsam
960 1310 1080 1365 anirrram
1095 1349 1104 1376 ,
1119 1316 1148 1364 ει

350 1405 523 1476 peregrinam
540 1411 658 1460 terrena
670 1404 832 1473 cupiditatis
850 1404 989 1473 deponere
1010 1401 1146 1467 formam,

351 1506 383 1552 ut
405 1498 505 1553 idonea
518 1496 556 1552 sit
577 1495 804 1565 transfigurantis
819 1494 912 1566 sponsi
935 1501 1071 1548 secretam
1086 1505 1147 1545 cer·

351 1603 417 1644 nere
430 1587 598 1644 claritatem.
619 1586 687 1642 llinc
699 1592 741 1640 est
758 1588 832 1655 quod
853 1584 981 1653 Christus
995 1586 1146 1640 ascendens

351 1677 380 1735 itt
403 1689 524 1735 montem
545 1680 592 1740 ubi
614 1678 804 1748 transfigurari
825 1675 940 1742 debuit,
962 1686 1020 1732 tres
1036 1683 1145 1732 tautum

351 1771 518 1844 discipulos,
541 1770 652 1827 Petrum
676 1769 799 1834 scilicet,
820 1767 993 1824 Jacobnmet
1007 1769 1144 1824 loannem

351 1872 443 1916 secum
457 1858 616 1929 assumpsit.
630 1858 660 1913 ln
676 1858 759 1914 Petro
772 1865 836 1912 nota
852 1857 1011 1913 honitatem
1027 1859 1143 1929 perlecti

1201 672 1348 727 nubentur.
1366 668 1443 723 Tunc
1467 666 1560 721 innixa
1589 681 1671 735 super
1692 666 1839 733 dilectum,
1862 681 1994 740 sequetur

1200 762 1291 829 Agnes
1302 760 1408 828 dgnum
1425 771 1588 827 quocunque
1602 756 1676 820 ierit,
1694 765 1721 810 ot
1734 773 1782 827 per
1798 758 1897 815 itincre
1913 771 1995 816 :eter-

1200 849 1295 904 nitatis
1313 848 1373 917 cios
1384 846 1511 912 deducta,
1526 847 1560 900 de
1575 848 1731 902 eternitate
1756 850 1873 914 artioris,
1894 866 1995 908 secura

1200 941 1272 996 dicet
1293 956 1301 994 r
1325 938 1448 1004 Durriae,
1465 939 1560 992 borum
1578 947 1618 993 eri
1638 956 1685 993 rros
1704 941 1746 993 hic
1764 956 1829 996 esse.
1846 942 1914 997 Cum
1931 946 1995 1001 illoc

1199 1031 1368 1102 perveneris,
1381 1039 1408 1085 ει
1420 1032 1489 1086 bene
1502 1030 1549 1085 tibi
1566 1032 1658 1097 luerit,
1673 1032 1736 1087 ride
1751 1048 1784 1087 ne
1796 1034 1834 1089 sis
1847 1036 1996 1091 immemor

1199 1138 1265 1178 mem
1280 1122 1464 1186 infelicitatis,
1482 1137 1542 1178 cum
1560 1124 1689 1180 teneriori
1711 1123 1839 1193 amplexu
1856 1125 1994 1195 Sponsum
2020 1162 2027 1171 ·

1202 1214 1361 1277 strinxeris,
1380 1213 1489 1282 suscipe
1502 1215 1575 1283 apud
1591 1230 1652 1269 curo
1678 1228 1788 1268 causam
1805 1216 1895 1281 servi,
1916 1227 1946 1272 ut
1961 1219 1995 1272 tle

1199 1304 1332 1359 restihtrlo
1346 1304 1452 1359 timoris
1468 1305 1495 1357 in
1511 1304 1660 1359 thalamum
1674 1304 1865 1359 introducatur
1876 1305 1992 1360 amoris.

1200 1392 1239 1449 h'e
1255 1395 1379 1449 invideas
1392 1408 1473 1450 serso
1496 1408 1577 1465 posse
1599 1394 1724 1464 adoptari
1743 1395 1839 1450 saltem
1855 1396 1882 1449 irr
1901 1394 1991 1451 sitium

1199 1498 1260 1538 ctrm
1276 1484 1323 1537 tihi
1339 1483 1455 1539 sufficiat
1471 1499 1577 1553 sponsae
1591 1484 1774 1556 privilegium,
1795 1486 1829 1540 ad
1843 1485 1953 1543 laudem
1965 1496 1994 1544 et

1197 1574 1311 1645 gloriam
1325 1575 1423 1645 Sporrsi
1440 1575 1579 1642 Ecclesitc,
1597 1577 1641 1633 cui
1655 1587 1697 1633 est
1715 1578 1803 1634 honor
1817 1588 1844 1633 et
1860 1578 1948 1650 gloria
1965 1580 1993 1635 io

1197 1671 1295 1725 secula
1312 1671 1485 1726 saeculorum.
1503 1672 1601 1726 Amen.

1447 1786 1613 1843 El‘lSTOLh
1644 1785 1737 1842 llh'lll.

1453 1892 1487 1932 to
1498 1893 1524 1931 o.
1537 1894 1639 1933 rrrcuu
1655 1895 1736 1935 suun.

350 1948 466 2015 amoris,
478 1948 538 2018 plus
550 1950 625 2005 enim
636 1949 745 2006 ceteris
756 1947 853 2005 Petrus
866 1950 983 2014 amavit,
994 1958 1022 2005 ει
1037 1965 1052 2005 a
1065 1950 1144 2004 hrota
1159 1947 1182 2001 B
1195 1973 1255 2042 395,
1278 1972 1310 2027 p,
1327 1973 1389 2026 σάω
1408 1972 1550 2034 ΜΜ,
1572 1973 1678 2027 ΜΗ,
1698 1987 1805 2039 amm,
1825 1981 1851 2025 ρ,
1865 1974 1995 2029 „am-„35⁸

349 2049 428 2111 petra
443 2039 481 2097 ob
494 2039 555 2096 ildei
569 2054 623 2096 nun
641 2040 712 2095 frete
725 2042 912 2097 coristantiam
931 2055 1031 2098 nomen
1051 2043 1142 2096 traxit.
1515 2050 1676 2111 corrremptn.

350 2129 536 2202 lacobus,qui
548 2131 872 2202 interpretaturhrctotor
882 2132 940 2189 sive
950 2132 1144 2202 supplantator,
1235 2133 1341 2189 Dilecto
1355 2150 1406 2190 suo
1417 2133 1463 2199 Ν..
1480 2134 1567 2189 irater
1586 2138 1664 2188 horu
1678 2134 1880 2203 qualiscunque
1895 2134 1995 2193 Perse·

350 2220 535 2276 humilitatem
568 2220 722 2292 signillcat,
755 2234 815 2289 quse
841 2226 869 2274 et
899 2221 962 2275 vitia
989 2220 1146 2290 supplantat
1199 2223 1250 2277 niae
1263 2223 1357 2289 olibas,
1373 2238 1445 2278 verae
1458 2223 1636 2293 philosophie
1650 2223 1748 2277 studiis
1763 2223 1898 2293 insigniri.

350 2323 401 2382 per
423 2313 628 2378 innocentiam,
643 2323 672 2369 et
697 2322 794 2371 contra
814 2313 930 2369 adversa
956 2314 1076 2369 luctatur
1097 2328 1146 2382 per
1234 2316 1271 2369 be
1286 2315 1350 2370 odio
1363 2315 1503 2377 vitiorum,
1516 2316 1549 2367 de
1563 2313 1674 2368 virtutis
1687 2330 1791 2380 amore,
1806 2318 1997 2372 demmrdauae

349 2404 523 2475 patientiam.
538 2405 591 2461 Per
601 2402 735 2461 loannem
748 2406 911 2476 exprimitur
924 2407 1015 2463 caruis
1029 2405 1146 2476 integri·
1195 2406 1324 2461 vanitatis
1339 2415 1496 2475 contemptu
1517 2406 1641 2459 charitas
1661 2405 1779 2476 imperat
1796 2406 1912 2462 miscere
1934 2409 1996 2463 col·

349 2504 478 2566 tamque
489 2497 541 2553 hoc
557 2506 678 2552 meretur
690 2496 874 2569 privilegium,
891 2499 965 2553 atad
979 2498 1146 2567 incorruptae
1195 2496 1318 2565 loquium
1336 2512 1399 2552 cum
1416 2498 1514 2551 amico.
1539 2496 1663 2552 Amicum
1686 2505 1725 2561 te,
1748 2498 1785 2551 lrli
1809 2498 1996 2562 charissime,

348 2584 475 2641 veritatis
501 2586 670 2657 provehatur
693 2596 843 2643 secretum.
871 2586 900 2644 si
924 2588 1006 2643 liores
1021 2586 1090 2642 istos
1111 2585 1146 2640 de
1196 2590 1325 2654 dixerim,
1348 2604 1402 2643 noo
1418 2589 1483 2659 quia
1499 2603 1513 2641 a
1530 2598 1556 2643 te
1580 2589 1666 2643 amari
1680 2603 1800 2651 merear,
1816 2590 1866 2644 sed
1881 2590 1947 2657 quia
1966 2591 1997 2645 ιιι

348 2677 429 2733 burto
441 2679 586 2749 voluptatis
609 2679 793 2749 decerpsisti,
817 2680 895 2736 miris
914 2680 1045 2736 odoribus
1057 2678 1144 2748 Spon-
1199 2679 1274 2733 illum
1292 2679 1437 2734 charitatis
1463 2679 1553 2733 sinum
1579 2688 1604 2734 to
1630 2679 1745 2749 cotttgo,
1773 2678 1852 2748 cirins
1876 2678 1999 2735 latitudo

348 2768 372 2823 si
396 2768 511 2839 gratiam
527 2768 693 2836 oblectasti,
720 2772 855 2827 revocasti
880 2770 1042 2834 absentem,
1067 2782 1142 2837 prae·
1195 2768 1330 2824 neminem
1344 2768 1539 2836 praetermittit.
1562 2767 1713 2822 Ciraritatis
1737 2767 1867 2821 niurlrrno
1895 2769 1999 2838 ampli·

349 2869 453 2916 sentem
481 2860 592 2916 lortitet·
612 2861 742 2929 terruisti,
773 2871 801 2917 et
824 2862 940 2917 utristi:
959 2861 1042 2915 renni
1066 2875 1137 2925 eum,
1196 2864 1320 2917 tudinem
1334 2862 1426 2915 mundi
1441 2876 1494 2915 nou
1506 2860 1861 2928 strpcr·atlatitudo.llsinu
1873 2861 1999 2915 charita·

349 2966 396 3003 rer
411 2950 543 3005 dimittam
562 2948 652 3021 (Cant.
674 2951 736 3020 nt),
756 2961 785 3008 et
809 2951 874 3006 illud
898 2971 905 3006 :
931 2952 1049 3006 Dilectus
1070 2967 1144 3005 meus
1196 2953 1321 3008 tisetiam
1338 2953 1463 3007 inimicos
1478 2952 1593 3020 diligere
1608 2953 1760 3008 anticorum
1782 2953 1909 3009 collectio
1937 2968 1994 3007 non

348 3042 433 3108 mihi,
456 3051 480 3096 et
491 3056 538 3112 epo
550 3040 591 3094 ilii
607 3039 698 3113 (Cant.
714 3041 747 3110 r).
769 3042 811 3097 litt
827 3043 880 3098 hoc
900 3043 926 3097 in
942 3042 1018 3097 ilium
1033 3041 1145 3096 transli-
1194 3046 1325 3102 ert-ludit.
1340 3045 1412 3100 Nihil
1428 3047 1511 3116 igitur
1525 3046 1660 3100 charitato
1684 3046 1808 3112 ielicins,
1834 3046 1877 3099 cui
1904 3053 1999 3099 tametr

348 3144 445 3206 qurata
458 3140 487 3190 et
500 3133 670 3205 couthurata
684 3132 857 3189 similitudini
873 3132 933 3203 ejus
946 3150 1044 3191 cavere
1060 3138 1144 3193 debes
1195 3144 1237 3191 εει
1258 3136 1285 3189 io
1312 3135 1377 3189 uitia
1398 3135 1511 3198 odium,
1535 3135 1562 3189 ιιι
1585 3136 1710 3190 ιιοιιιιιιεε
1730 3151 1818 3198 autor,
1838 3138 1864 3188 in
1883 3133 1999 3204 angelos

349 3222 534 3289 omnimodis,
556 3232 586 3278 ut
603 3222 694 3278 vultus
709 3222 749 3278 tui
771 3222 889 3294 amplius
903 3240 959 3281 nou
975 3228 1031 3282 siut
1051 3229 1077 3281 in
1101 3229 1142 3282 di·
1196 3233 1343 3292 transitus,
1368 3226 1533 3281 desiderium
1560 3227 1587 3282 in
1601 3230 1722 3283 aeternis.
1752 3229 1814 3283 lloec
1830 3227 1996 3282 dissidentia

350 3329 430 3370 versa
445 3315 554 3370 mutati.
571 3313 773 3371 Urtitatisettim
789 3324 816 3368 et
831 3315 1021 3373 indemnitatis
1036 3327 1143 3373 arrrotor
1194 3322 1253 3375 uuit
1268 3361 1275 3385 ,
1292 3313 1426 3388 disjuncta
1444 3319 1640 3388 compaginat,
1661 3335 1789 3389 perversa
1809 3319 1936 3388 corrigit,
1953 3319 1999 3372 di·

350 3413 394 3460 est
411 3419 528 3475 sponsus
544 3414 617 3472 tuus,
633 3406 678 3476 qui
691 3420 800 3476 semper
818 3423 889 3462 uuus
906 3419 934 3464 ει
950 3409 1021 3465 ιιιειιι
1037 3424 1145 3478 perrna·
1195 3409 1254 3480 ligii
1267 3411 1356 3474 horta,
1375 3418 1404 3464 et
1418 3412 1520 3480 optima
1535 3426 1650 3481 qoaeqoe
1660 3412 1790 3465 custodit.
1804 3410 1868 3464 lire
1883 3411 1952 3464 mihi
1969 3419 1998 3465 te

352 3511 425 3552 nens
440 3511 478 3553 ev·
487 3507 642 3569 suspectam
662 3498 744 3555 habet
757 3515 865 3557 ornnem
881 3503 1058 3572 varietatem,
1079 3504 1144 3572 quia
1195 3502 1285 3556 vtorir
1303 3502 1329 3554 in
1345 3501 1455 3571 spiritu,
1469 3502 1533 3555 licet
1545 3518 1640 3571 parom
1660 3501 1730 3557 tocie
1743 3503 1884 3571 cognitum
1899 3542 1909 3569 ,
1925 3502 2001 3557 divi·

349 3587 440 3643 omnis
453 3601 522 3657 pene
544 3588 667 3645 varietas
680 3591 769 3646 amica
785 3602 827 3647 est
842 3592 1037 3659 mutabilitati,
1053 3604 1144 3648 mitta·
1195 3608 1254 3647 sum
1272 3594 1355 3657 locis,
1375 3597 1586 3650 couversatione
1601 3595 1718 3650 alterum
1733 3638 1740 3662 ‚
1770 3595 1942 3665 professione
1957 3595 2002 3650 di·

348 3678 445 3734 bilitas
460 3679 596 3747 vanitati,
618 3681 727 3736 vanitas
741 3679 872 3747 falsitati,
891 3699 975 3754 quam
991 3686 1146 3740 detestatur
1195 3697 1316 3739 versum.
1330 3681 1369 3736 Tu
1384 3685 1457 3738 enim
1471 3685 1541 3738 vivis
1557 3684 1583 3737 in
1596 3685 1714 3749 sacruto,
1724 3683 1751 3737 in
1766 3684 1866 3738 sacculo
1882 3683 1999 3750 militas,

349 3769 451 3825 recitas
465 3769 562 3841 Sporrsi
577 3772 626 3827 tui.
650 3771 689 3826 Er
705 3773 757 3829 boc
769 3773 824 3831 eris
839 3776 933 3831 videre
948 3777 1060 3843 idonea,
1077 3792 1146 3847 quo·
1196 3789 1247 3845 ego
1267 3775 1361 3830 sacnti
1377 3775 1460 3831 rebus
1475 3774 1656 3839 valclaciens,
1675 3775 1701 3829 ιιι
1727 3774 1909 3830 tabernaculo
1922 3773 2002 3830 clau-

348 3861 431 3916 modo
442 3862 616 3931 resplendeat
630 3864 716 3923 iacies
724 3866 784 3938 ejus
796 3867 868 3924 sicut
883 3867 935 3934 sol,
947 3868 1046 3923 intueri
1061 3871 1144 3925 vesti·
1196 3868 1247 3923 stri
1268 3867 1379 3922 Christo
1402 3869 1532 3938 proposui
1557 3868 1686 3922 militare.
1713 3869 1752 3922 lle
1776 3869 1891 3923 scientia
1910 3867 2001 3922 arrinri

349 3962 441 4008 menta
456 3954 514 4025 ejus
528 3955 600 4012 sicut
620 3959 684 4024 trix,
701 3967 759 4014 eta
776 3958 848 4014 nube
864 3958 953 4015 lucida
969 3960 1143 4017 obumbrari.
1196 3959 1311 4030 loquum
1330 3975 1395 4014 nom
1422 3969 1449 4014 te
1466 3969 1532 4029 puto
1545 3960 1676 4014 seculum
1698 3961 1830 4030 diligere,
1847 3975 1929 4029 quem
1945 3975 1999 4015 sae·

387 4044 425 4100 bc
439 4057 539 4103 catera
549 4047 577 4104 ει
589 4062 643 4104 non
659 4049 771 4120 ignoras
787 4059 825 4117 te,
840 4048 910 4108 sicut
922 4049 1019 4107 Petrus
1031 4052 1077 4123 qui
1099 4066 1148 4107 ne·
1197 4050 1339 4106 sularibus
1355 4050 1433 4106 video
1447 4051 1581 4120 implicari
1595 4053 1722 4121 nogotiis,
1736 4061 1763 4105 et
1778 4066 1810 4105 ea
1827 4067 1887 4121 «qne
1898 4052 1996 4106 mundi

349 4137 455 4193 sciebat
476 4139 541 4209 qttid
558 4140 671 4208 diceret,
691 4141 746 4198 scis
759 4151 787 4198 et
802 4143 888 4198 hahes
905 4144 977 4198 unde
994 4143 1080 4199 iacias
1094 4145 1147 4199 tria
1197 4150 1262 4195 sunt
1285 4142 1436 4197 studiosius
1459 4142 1595 4206 actitare;
1620 4144 1665 4196 uhi
1680 4144 1779 4212 qrnppe
1793 4153 1834 4197 est
1850 4142 2001 4199 thesaurus

350 4228 525 4285 tairernaeula
543 4248 550 4284 ι
568 4230 674 4301 Sponsa
696 4240 744 4288 ttto
769 4248 875 4300 unum,
902 4232 987 4304 bluysi
1013 4251 1097 4288 mrum
1118 4243 1147 4290 et
1198 4231 1327 4299 bortrinis,
1343 4232 1380 4287 ihi
1396 4242 1438 4287 εει
1454 4241 1481 4286 ει
1499 4247 1547 4287 cur
1561 4230 1631 4299 eius.
1646 4232 1716 4298 Quid
1740 4231 1822 4302 igitur
1837 4234 1959 4300 mirum,
1977 4236 2001 4290 si

350 4320 416 4376 Elias
433 4338 528 4377 unum.
546 4323 616 4389 uoto
630 4324 703 4378 enim
719 4333 766 4378 est
781 4325 904 4393 Sponsus
923 4337 987 4380 tuus
998 4327 1051 4381 nisi
1070 4342 1147 4382 arnor
1197 4320 1315 4388 laberis,
1339 4321 1386 4392 qui
1411 4323 1566 4377 labentibus
1589 4323 1745 4390 inhaerens,
1762 4342 1796 4378 ex
1811 4324 1950 4380 desiderio
1965 4339 2002 4380 eo

350 4415 491 4470 aternus?
519 4415 569 4472 llic
589 4426 686 4487 pascat
711 4428 739 4476 et
761 4420 860 4485 cubet,
883 4430 911 4476 et
936 4421 1144 4477 tabernaculum
1198 4415 1302 4483 impetu
1317 4414 1446 4469 deorsum
1471 4415 1604 4481 traheris,
1627 4432 1681 4486 quo
1698 4433 1765 4471 carm
1782 4418 1889 4487 species
1906 4433 2001 4474 rerum

349 4504 452 4559 haheat
466 4506 492 4560 in
509 4506 642 4575 meridie,
659 4511 712 4565 1100
728 4520 770 4566 esi
789 4510 817 4566 in
833 4509 942 4567 fervore
956 4517 1008 4567 ruae
1025 4513 1146 4569 chama.
1198 4518 1262 4559 suos
1278 4507 1432 4577 precipitat
1445 4509 1604 4562 amatores?
1624 4510 1726 4565 dirrare
1739 4519 1814 4564 certe
1829 4524 1888 4578 que
1902 4512 2000 4565 mundi

350 4596 398 4653 tis.
421 4597 528 4669 lloyses
550 4599 622 4656 lator
639 4610 669 4656 et
682 4602 786 4659 zelator
801 4602 900 4659 divinae
921 4602 991 4674 lepis
1008 4603 1147 4675 significat
1162 4605 1271 4670 psum,
1286 4607 1328 4652 est
1343 4600 1542 4668 contempsisse
1556 4600 1693 4666 coelcstia,
1714 4613 1756 4656 est
1779 4600 1921 4655 inimicum
1939 4602 2002 4657 lieri

350 4689 554 4747 scientiamvel
577 4692 666 4749 selum
683 4693 833 4764 disciplima
858 4694 1010 4766 regularis,
1035 4694 1079 4749 cui
1104 4704 1147 4749 ta·
1200 4697 1374 4744 eternorum.
1401 4691 1441 4745 dtr
1466 4692 1582 4746 internis
1603 4695 1712 4748 exsulat
1737 4693 1817 4748 barris
1848 4692 2003 4761 requisitor

350 4778 530 4837 bernacolum
551 4791 594 4838 εει
616 4783 644 4838 ιιι
660 4783 764 4840 iiscelia
777 4785 895 4854 scirpea,
919 4786 972 4840 hoe
989 4794 1031 4840 εει
1050 4784 1076 4838 in
1092 4792 1148 4839 tra-

352 4872 446 4928 ctabili
459 4882 486 4929 et
508 4874 568 4930 sine
589 4875 661 4931 nodo
674 4875 829 4946 iniquitatis
843 4877 1015 4932 conscientia
1035 4877 1149 4932 hamdis

353 4964 453 5019 cordis.
471 4964 523 5020 Per
539 4966 624 5021 liliam
636 5006 647 5034 ,
659 4968 706 5038 qul
722 4974 750 5024 et
763 4982 848 5023 carue
868 4967 975 5040 integer
988 4965 1073 5024 luisse
1085 4982 1148 5023 cre-

353 5057 437 5122 ditur,
448 5068 474 5112 ct
489 5059 522 5111 ah
537 5056 638 5124 helios,
652 5060 758 5115 horest
772 5074 787 5115 a
800 5059 855 5115 roh
871 5060 1023 5116 secundum
1040 5061 1148 5132 aliquos

353 5163 450 5204 nomen
480 5149 582 5215 trahit,
607 5147 778 5217 significatur
800 5153 921 5218 veritas,
953 5152 996 5209 rel
1011 5152 1149 5209 euidentia

353 5254 468 5311 operum
491 5241 575 5309 lucis,
598 5258 659 5314 quae
673 5244 751 5314 quasi
777 5245 983 5302 tabernaculum
1003 5247 1105 5303 babent
1122 5247 1149 5301 in

354 5335 519 5389 candelabro
536 5335 707 5392 excellentie
725 5335 905 5408 virginitatis.
922 5337 1086 5410 splendoris
1108 5340 1151 5394 in·

354 5427 438 5480 tuitus
451 5427 476 5480 irr
491 5427 562 5483 licie
584 5427 683 5499 Sponsi
703 5435 747 5484 εει
763 5431 905 5497 premium
924 5438 950 5486 et
964 5431 1151 5486 remuneratio

355 5517 500 5575 eharitatis
525 5521 635 5578 interim
647 5520 691 5590 {de
713 5520 790 5578 dilati
819 5522 947 5578 desiderii
970 5522 1151 5594 suspensione

355 5610 521 5678 languentis.
552 5612 689 5682 Splendor
703 5623 731 5668 et
754 5614 867 5673 claritas
884 5617 970 5671 nivea
996 5615 1085 5670 vestis
1109 5623 1151 5669 εει

355 5699 520 5756 humilitatis
546 5704 632 5774 gioria
654 5704 764 5761 interim
790 5706 895 5761 uilitate
924 5716 953 5760 et
977 5705 1153 5760 extremitate

358 5790 488 5856 gaudens.
509 5793 688 5852 Ohurnbratio
709 5797 807 5854 lucidae
822 5797 903 5853 nubis
923 5805 966 5853 est
984 5804 1013 5852 ct
1027 5797 1074 5851 hic
1087 5811 1153 5866 pro·

360 5875 453 5947 tectio,
466 5889 493 5936 et
512 5882 684 5952 postruotlttm
696 5885 854 5946 omnimoda
865 5887 992 5946 liberatio
1009 5887 1153 5958 virginita-

1200 4780 1384 4849 praesentium,
1395 4796 1445 4846 pec
1455 4781 1552 4852 dignus
1563 4792 1707 4839 ostantare
1717 4784 1834 4854 opificis,
1850 4784 1897 4851 qni
1911 4785 2002 4853 ipsum

1200 4871 1325 4939 opilicem
1348 4873 1423 4941 operi
1448 4889 1498 4928 suo
1515 4874 1644 4944 praeferre
1667 4891 1721 4928 uuo
1738 4877 1838 4929 novit:
1867 4875 2004 4944 praeierre

1201 4961 1284 5030 dico,
1308 4979 1362 5018 noo
1378 4974 1482 5018 tantum
1508 4967 1625 5022 rationis
1648 4966 1775 5036 judicio,
1798 4967 1846 5021 scd
1864 4967 2004 5021 electione

1202 5054 1312 5108 auroris.
1329 5053 1412 5108 hmor
1426 5056 1478 5109 istc
1493 5055 1602 5110 boatum
1619 5054 1687 5110 lacit
1700 5057 1832 5122 animum,
1849 5071 1912 5109 cum
1935 5056 2003 5109 illud

1202 5156 1345 5218 amatque
1365 5147 1476 5217 spoliari
1498 5163 1552 5203 uoti
1585 5149 1673 5217 possit
1692 5147 1810 5211 itrvitus3
1836 5162 1898 5201 cum
1928 5150 2003 5202 enim

1203 5237 1241 5291 nil
1265 5240 1301 5293 sit
1325 5239 1442 5293 humana
1463 5237 1604 5292 voluntate
1628 5236 1762 5299 liberius.
1790 5239 1817 5292 id
1840 5239 1930 5293 solum
1946 5255 2002 5293 non

1205 5339 1299 5399 potest
1312 5331 1467 5397 admittere,
1483 5329 1603 5401 qnandiu
1619 5327 1721 5384 babere
1735 5331 1921 5400 volueritque
1938 5331 2004 5385 bea·

1204 5430 1230 5475 ta
1242 5423 1360 5479 ellicitur
1375 5423 1421 5480 illo
1432 5424 1535 5479 fruens.

1237 5516 1423 5587 appetendum
1436 5525 1478 5572 εει
1492 5517 1586 5586 igitur,
1602 5524 1631 5570 et
1651 5517 1828 5588 quaerendum
1849 5516 1952 5571 bonum
1975 5515 2003 5569 il·

1204 5607 1267 5672 lud,
1291 5609 1430 5679 quodum
1454 5609 1539 5665 senrel
1564 5612 1691 5665 investita
1712 5624 1788 5663 meus
1813 5608 1915 5672 luerit,
1946 5622 2001 5663 non

1204 5710 1293 5772 potest
1306 5703 1455 5770 amittere,
1476 5702 1527 5759 nisi
1555 5702 1660 5757 rolens.
1684 5701 1761 5767 erod
1785 5701 1807 5754 si
1831 5700 1894 5755 boni
1919 5699 2002 5768 hujus

1205 5796 1394 5852 investituram
1420 5810 1497 5851 mens
1522 5798 1602 5852 beata
1629 5803 1837 5865 perseveranter
1862 5793 1999 5855 terruerit,

1204 5889 1287 5945 etiam
1302 5887 1393 5947 carnis
1407 5904 1463 5948 suae
1479 5904 1540 5947 cura
1567 5888 1650 5946 luerit
1670 5889 1775 5945 devicta
1791 5886 1955 5956 corruptio,
1972 5892 2000 5940 et
