4425 6450
728 424 918 488 EPlSTOLAE.
936 429 1075 486 -Pans
1094 431 1125 489 ll.
1148 433 1204 489 AN.
1225 436 1390 493 llll-lilii.

404 535 578 607 110·111
595 537 759 598 nntsnots
781 541 898 599 lxxii.

349 639 383 677 se
402 641 546 683 rurscoruu
566 646 600 684 rr
617 647 741 688 oecanru
760 649 936 693 parmenses.

246 714 309 783 Apis
325 714 357 768 de
368 715 480 797 quadarn
497 720 601 786 nepesin
615 723 806 793 arciriepiscopr'
816 726 975 783 Turonensis
984 728 1041 799 (ΞΙ)

355 801 414 838 curn
427 801 548 856 episcopo
561 788 679 857 diniensi,
694 794 726 846 de
738 810 788 864 qno
803 797 936 865 superins.

286 899 445 954 Reuerendo
465 900 537 955 Patri
563 912 592 957 et
611 903 720 961 domino
748 907 893 979 Balucensi
912 913 1040 985 episcopo

248 1002 278 1045 et
296 992 412 1059 decano,
428 992 514 1047 irater
530 996 687 1054 Sreeusnns
702 1000 736 1055 de
756 1000 784 1055 S.
800 1001 953 1073 Geuorela,
966 1007 1042 1062 salu·

250 1091 307 1135 tem
323 1090 349 1136 et
360 1083 544 1139 dilectionem.

286 1175 381 1229 Risum
396 1187 485 1231 moret
500 1178 667 1236 intuentibus
680 1182 702 1237 si
718 1188 863 1241 accesserit
876 1187 935 1242 oris
949 1189 983 1244 ad
995 1204 1042 1246 ca·

250 1283 328 1336 pram
342 1277 371 1323 ut
385 1269 447 1324 inde
470 1271 522 1326 sibi
538 1271 626 1326 lanam
646 1287 776 1331 assumat.
797 1278 854 1333 Sub
869 1279 919 1335 lroc
934 1282 1041 1352 nauigari

252 1361 399 1429 prouerbio
409 1362 583 1417 consuluistis
596 1365 733 1420 bemineru
746 1375 773 1422 et
783 1370 879 1437 peritia
895 1372 1042 1439 uredicuur,

252 1458 281 1504 et
301 1449 468 1505 auctoritato
488 1465 540 1507 uun
564 1468 701 1524 nrapuum.
717 1455 770 1511 Sed
786 1460 926 1527 quoniam,
944 1472 973 1516 ut
990 1462 1043 1534 lly-

253 1541 307 1597 iam
326 1541 445 1610 Herculi,
459 1559 513 1598 nen
537 1547 623 1616 ecquis
649 1550 773 1617 passibus
793 1550 977 1619 incedentem,
994 1568 1039 1608 so·

253 1635 327 1689 oium
348 1650 392 1691 me
418 1636 495 1692 robis
519 1638 546 1691 iu
576 1639 686 1710 negotio
712 1639 864 1697 Turonensi
881 1652 909 1699 et
933 1645 1042 1701 lieieusi

253 1728 382 1782 domiuus
398 1742 467 1799 papa
482 1728 631 1798 conjunxit,
650 1732 738 1787 dicam
757 1748 816 1803 quae
831 1735 934 1800 sentio,
955 1744 983 1789 et
1003 1736 1045 1791 bis

254 1819 424 1872 consentiam
442 1820 671 1889 quaemcunque
697 1818 767 1877 ierte
780 1822 911 1878 alterutra
926 1824 1044 1894 partium

255 1911 289 1965 de
317 1911 395 1964 nubis
412 1909 485 1979 juste
514 1913 643 1979 conqueri
669 1913 764 1982 possit.
781 1911 855 1969 Loco
876 1923 903 1968 et
924 1924 1045 1985 tempere

255 2002 384 2058 corrdicto
398 2004 537 2066 debemus,
554 2015 584 2058 ut
604 2005 719 2069 testimo,
736 2005 892 2070 convenire,
914 2016 941 2063 et
955 2014 1045 2060 utrum

256 2095 283 2148 in
305 2097 413 2165 negotio
428 2098 627 2167 procedendum
640 2099 677 2153 sit
690 2098 730 2153 rel
743 2099 904 2169 cedendum,
921 2114 1046 2157 eonnnu·

256 2185 283 2240 ni
300 2186 381 2242 simul
398 2187 511 2244 consilio
526 2188 661 2246 conlerre.
681 2188 783 2245 Valcte.

462 2302 541 2372 112
562 2300 727 2359 nersnera
746 2302 851 2359 nnnn.

452 2408 486 2445 ΔΙ)
504 2408 621 2447 sennenn
641 2410 668 2448 Δ.
682 2409 705 2448 8.
721 2407 857 2452 neutrubi.

257 2481 418 2540 Gratulatus
446 2483 479 2538 de
504 2483 562 2551 ejus
587 2483 761 2539 translatione
785 2487 819 2539 nei
847 2485 1048 2541 Narbonensem

579 2552 736 2608 Ecclesium.

293 2642 455 2700 Reverendo
484 2643 641 2699 deminuet
665 2643 737 2698 Prnri
764 2644 858 2700 iesum
886 2646 1049 2704 Pictavieusi

257 2735 397 2805 episcopo,
412 2735 652 2804 apostolicaesedis
666 2736 762 2803 legate,
785 2735 871 2791 irater
889 2737 1049 2795 Srernnnes

260 2832 295 2885 de
311 2828 340 2883 S.
356 2827 508 2894 coneneie,
524 2827 681 2884 salutemet
704 2844 765 2885 cum
783 2831 889 2886 sincera
904 2832 1051 2889 devotione

259 2920 339 2975 lrdele
352 2920 524 2987 obsequium.

1826 442 1878 497 bil

1054 550 1259 617 ACentremui,
1273 552 1373 617 lateor,
1396 560 1424 606 en
1443 552 1550 624 expavi,
1574 568 1634 611 cunr
1651 556 1684 612 ad
1697 571 1729 612 ea
1745 556 1803 612 looa
1831 574 1883 614 ros

1092 642 1202 696 irruitari
1220 641 1344 697 audirem
1371 643 1450 714 113
1469 644 1612 715 inquibus
1631 649 1682 704 etsi
1710 649 1880 720 contingeret

1092 746 1141 787 rus
1156 746 1287 804 preesse,
1305 732 1384 790 iacile
1398 744 1473 790 esset
1484 751 1536 790 nou
1549 738 1689 807 prodesse.
1705 739 1806 795 Audite
1822 749 1880 794 tun-

1091 828 1152 884 dem
1169 830 1240 901 quod
1265 830 1421 887 Rodanusia
1439 830 1543 888 Sidonii
1558 833 1616 904 (Ξὸ)
1632 849 1680 890 res
1701 844 1824 899 uocaret,
1837 850 1881 906 ga·

1091 921 1166 975 risus
1182 936 1242 976 sum
1259 923 1359 993 qaudio
1374 936 1486 993 magno,
1499 931 1526 979 et
1542 923 1686 993 primatem
1708 931 1831 979 nostrum
1853 926 1879 977 in

1091 1014 1178 1082 gloria
1199 1016 1292 1076 ridere
1318 1016 1455 1084 desidere,
1470 1031 1551 1086 quem
1573 1016 1649 1086 prius
1670 1015 1812 1073 allectione
1830 1017 1880 1071 i‘a·

1093 1113 1172 1168 trem,
1197 1106 1360 1160 liberalitate
1385 1105 1546 1161 benevolum
1568 1106 1696 1161 simulet
1715 1106 1879 1162 beneficium

1091 1209 1151 1248 snm
1164 1203 1305 1262 expertus.
1323 1194 1417 1263 Nepoti
1434 1202 1523 1248 restro
1538 1191 1732 1249 arclridiaceuo
1747 1195 1823 1248 berne
1838 1193 1880 1246 iu-

1093 1285 1161 1340 dolis
1179 1285 1356 1349 arlulesccnti,
1377 1285 1447 1338 sieut
1472 1284 1537 1338 rrribi
1562 1285 1751 1350 nrarrriaristis,
1770 1293 1880 1354 paratus

1093 1392 1151 1431 sum
1166 1385 1193 1431 et
1205 1376 1319 1431 consilio
1334 1386 1360 1430 et
1378 1375 1480 1430 eumilo
1494 1375 1649 1445 prouidere.

1289 1462 1369 1535 114
1387 1463 1551 1520 El‘lSTOLb
1568 1464 1687 1520 Llllllll.

1226 1576 1259 1614 no
1274 1570 1445 1615 oeesrnrnuu
1461 1571 1584 1613 snutrein
1595 1573 1618 1613 s.
1633 1573 1742 1616 strunt.

1256 1651 1341 1723 lioqnt
1354 1662 1382 1706 nt
1401 1653 1485 1707 enrico
1498 1668 1547 1706 sue
1560 1651 1717 1722 presensit.

1131 1740 1290 1800 Venerabili
1316 1743 1391 1798 Patri
1422 1753 1449 1800 et
1471 1744 1582 1800 dominu
1607 1743 1763 1799 Goonrnreo
1787 1741 1879 1797 abbati

1096 1836 1124 1890 S.
1140 1834 1242 1906 Satyri.

1135 1928 1282 1998 deceptum
1308 1928 1388 1984 debet
1410 1944 1471 1986 esse
1495 1929 1696 1994 testimonium,
1722 1926 1793 1999 qued
1818 1939 1880 1995 pro-

1097 2026 1183 2080 iurtur
1196 2024 1228 2078 de
1243 2023 1408 2078 couscientia
1421 2024 1510 2087 bona,
1525 2031 1552 2076 et
1567 2022 1620 2076 bde
1637 2038 1690 2078 non
1709 2019 1781 2075 licta.
1802 2018 1825 2073 ls
1839 2025 1881 2071 est

1099 2120 1259 2181 thesaurus,
1283 2117 1316 2171 de
1331 2130 1384 2186 que
1401 2130 1467 2169 nora
1483 2112 1588 2182 proiert
1603 2121 1631 2167 et
1648 2122 1741 2167 uetera
1757 2109 1881 2180 quisquis

1097 2207 1189 2263 scriba
1217 2207 1313 2261 doctus
1332 2220 1393 2261 esse
1413 2204 1529 2259 voluerit
1545 2205 1570 2258 iu
1587 2200 1881 2275 repraesentaremus

1098 2313 1131 2354 eo
1149 2297 1227 2352 'trente
1250 2297 1326 2352 robis
1351 2295 1487 2366 opinionis
1506 2293 1634 2363 juvenem
1657 2294 1742 2348 biirrm
1759 2303 1881 2347 restrum

1099 2389 1151 2446 Tlr.
1178 2388 1421 2450 (restruendarum,
1443 2389 1506 2456 qui,
1530 2387 1583 2441 etsi
1603 2386 1635 2439 ad
1649 2394 1754 2454 tempus
1769 2400 1783 2437 a
1799 2383 1881 2437 Patre

1100 2482 1262 2545 recesserit,
1286 2495 1339 2537 non
1359 2490 1449 2535 tamen
1465 2488 1512 2533 ant
1527 2478 1601 2547 parit
1621 2492 1738 2548 porcos,
1759 2485 1806 2530 aut
1820 2490 1883 2530 reu·

1101 2580 1170 2626 trem
1194 2586 1288 2626 earum
1317 2570 1425 2639 siliquis
1443 2569 1494 2625 sub
1522 2569 1613 2637 alique
1635 2567 1735 2621 cisium
1762 2564 1883 2623 satiauit.

1101 2664 1231 2733 Egressus
1255 2660 1438 2718 airerasalem
1462 2676 1516 2715 nou
1541 2659 1729 2715 descenditur
1754 2657 1884 2721 iericho,

1101 2756 1149 2811 sed
1173 2755 1199 2809 in
1225 2753 1283 2809 Silo
1305 2752 1390 2824 ingens
1413 2752 1617 2808 talrcrnaculum
1631 2766 1727 2813 surius,
1751 2749 1886 2818 anteneri

1102 2860 1230 2900 manuum
1252 2860 1364 2913 operans
1386 2844 1478 2909 dedit,
1495 2852 1541 2898 aut
1552 2842 1678 2900 honestis
1691 2841 1790 2897 studiis
1804 2855 1886 2897 occu·

1103 2938 1177 3006 parit
1202 2937 1322 2992 auianum
1337 2976 1345 3000 ,
1358 2934 1456 3004 quibus
1471 2936 1550 2990 decet
1561 2932 1716 3004 adoptionis
1732 2931 1803 2986 illies
1819 2929 1887 2986 ede·

296 3010 452 3067 luesrndum
465 3011 530 3067 nribi
550 3013 684 3067 theatrum
701 3014 827 3084 proponit
842 3016 998 3073 recordatio
1009 3032 1054 3075 re·
1102 3029 1171 3084 cerr,
1197 3028 1359 3083 Demaratus
1383 3026 1455 3095 apud
1476 3040 1525 3080 tros
1547 3040 1601 3080 non
1625 3023 1714 3079 artinas
1734 3018 1887 3076 lreuetificn

261 3111 332 3170 stra,
346 3100 425 3170 e¹¹l¹¹³
436 3110 464 3157 il
477 3102 586 3159 reficiar
607 3106 774 3173 ⁸i00¹²0¹¹¹⁰n
790 3117 818 3161 et
830 3107 931 3163 afficiat
944 3108 1052 3165 blandi·
1104 3138 1186 3193 quam
1197 3122 1311 3178 honeste
1326 3119 1522 3177 censcientiam
1539 3117 1695 3173 serraritet
1711 3113 1812 3168 lamam
1828 3128 1836 3176 ;
1858 3111 1886 3163 iu

261 3206 368 3252 mente.
385 3196 552 3253 correertaut
572 3197 599 3254 in
618 3198 689 3254 idem
706 3200 968 3270 caputdirersarum
987 3212 1206 3278 proculcare,
1231 3213 1284 3269 sibi
1311 3211 1441 3283 prouidus
1463 3228 1471 3266 ε
1496 3210 1522 3264 iu
1546 3208 1652 3272 altere,
1677 3204 1804 3275 prosimu
1833 3216 1887 3256 nun

261 3292 415 3345 ”millium
438 3290 606 3359 li⁰¹¹fflliales
631 3291 724 3347 insilii
738 3292 795 3364 (Ἢ)
813 3334 820 3358 ,
835 3301 863 3348 lii
879 3293 941 3348 dnm
965 3293 1055 3350 Picta·
1105 3304 1247 3361 molestus.
1264 3304 1380 3359 Devotas
1394 3301 1472 3358 robis
1487 3309 1515 3356 et
1530 3298 1660 3353 iratribus
1679 3295 1778 3350 restris
1790 3307 1839 3363 pro
1856 3307 1888 3347 eo

262 3382 350 3437 riensi
365 3382 501 3436 eatbedrae
513 3383 684 3438 sacerdotem
703 3399 783 3438 suum
801 3382 985 3439 Narbonensis
1009 3399 1057 3440 co·
1104 3410 1200 3466 preces
1223 3394 1382 3460 spararemus,
1405 3403 1452 3458 ur,
1479 3393 1551 3448 siena
1568 3389 1677 3444 Patrem
1697 3387 1776 3442 decet
1791 3392 1819 3438 et
1834 3384 1890 3438 idio

263 3473 1055 3545 ”iliieilliiiesiillbl⁰s⁰⁸³¹²¹¹liiae²fflli⁰¹³Nimim·
1104 3489 1228 3560 expedit,
1257 3486 1387 3543 benevole
1418 3482 1498 3541 simul
1527 3499 1561 3540 ae
1583 3481 1707 3538 benellee
1734 3475 1890 3546 suscipiatis

264 3580 321 3622 sem
344 3565 460 3621 electum
487 3565 575 3634 prima
599 3565 679 3620 sedes
692 3564 840 3621 Galliarum
864 3566 916 3621 sibi
932 3565 1055 3621 vindicat
1106 3586 1290 3635 ,wlepem
1302 3616 1311 3645 ‚
1335 3587 1363 3633 er
1383 3576 1408 3632 ej
1432 3590 1485 3630 non
1503 3582 1558 3629 ram
1574 3572 1660 3644 patris
1675 3571 1789 3626 uerbera
1805 3580 1888 3638 quam

265 3654 455 3727 Lugdunensis
469 3655 539 3726 (Ξὸ).
561 3655 739 3710 ildrrrirabilis
760 3664 789 3711 et
802 3656 928 3711 amabilis
942 3664 984 3711 est
1005 3670 1054 3712 ee·
1106 3670 1202 3726 ,napis
1213 3670 1297 3725 quem
1313 3665 1470 3737 porrigatis.

266 3749 414 3804 cleriacum
432 3747 510 3804 lucius
523 3747 585 3812 iste,
602 3747 647 3802 ulri
665 3746 791 3816 superior
806 3745 967 3802 inlerierem
991 3759 1054 3816 spe·
1296 3758 1375 3830 115
1389 3756 1558 3814 ppqsqopq
1572 3754 1700 3814 fflqqq,

265 3839 543 3905 liat‚etremu1stiuue
555 3848 658 3901 sancta,
670 3838 895 3908 relurrtatepares
909 3846 1053 3907 apparent,
1272 3863 1306 3904 ,p
1322 3861 1442 3904 fmus
1457 3861 1481 3901 ς,
1496 3859 1606 3901 gnum
1619 3859 1716 3902 appar,

267 3947 330 4004 ll¹¹³li
345 3938 410 3986 ΝΜ
427 3929 544 4000 Nil)ares
565 3929 705 4000 dilium·
723 3930 815 3986 Albim
837 3926 928 3993 Pamin
945 3944 960 3982 θ
976 3943 1055 3983 '⁰³¹¹‘
1125 3944 1226 4011 Repetit
1240 3958 1356 4001 nnrrnnrn
1368 3941 1518 4009 pensionem
1529 3953 1589 4007 qne
1604 3938 1627 3991 ei
1641 3950 1763 3991 concessu
1779 3933 1878 4002 lecerit„

268 4025 412 4082 suetudine
434 4034 538 4084 restra.
556 4034 586 4077 ut
607 4024 640 4078 ad
662 4022 811 4079 Gutlrorum
839 4021 1005 4084 barbariem,
1022 4019 1056 4075 ad
1141 4028 1318 4085 charissimis
1349 4027 1445 4080 apricis
1468 4035 1497 4080 et
1520 4024 1650 4079 tratribus
1672 4021 1702 4077 Β.
1721 4022 1805 4092 priori
1819 4032 1846 4077 er
1860 4020 1890 4081 S.

269 4120 407 4174 levitatem
422 4115 603 4178 Wbscoimssis
621 4114 653 4169 ³1¹
671 4113 798 4168 crudeles
811 4121 840 4167 el
852 4112 950 4168 efferos
966 4128 1056 4169 moret
1107 4120 1223 4191 collegio
1238 4119 1269 4197 B,
1285 4117 1389 4173 Esurtii
1405 4116 1617 4183 Aurelianensis,
1634 4113 1720 4170 irater
1733 4112 1903 4170 Srertrnuus,

270 4208 446 4281 Septiuraniae
459 4207 618 4273 declinetis,
631 4207 676 4262 nbi
694 4220 773 4276 snpra
796 4204 878 4259 iidem
900 4204 1054 4268 iulidelitus,

270 4314 352 4368 supra
378 4298 477 4353 lamam
491 4296 589 4365 iames,
606 4297 682 4352 dolus
696 4303 724 4351 et
746 4295 825 4351 dulor
849 4294 991 4364 plusquam
1006 4309 1057 4350 rn-

203 4400 207 4405 ·
270 4389 478 4447 leutestimari.
494 4386 554 4443 lidi
570 4403 654 4457 nuper
669 4389 695 4442 iu
713 4389 840 4453 trarrsitu,
855 4402 917 4445 cum
933 4389 1058 4444 domiuus

270 4497 319 4538 rex
336 4480 462 4537 Tolosam
478 4497 522 4537 me
549 4480 668 4535 mitteret
682 4478 751 4547 (il),
771 4479 939 4550 frequentem
953 4489 980 4534 et
1002 4478 1059 4536 ier·

1108 4215 1142 4269 de
1157 4215 1260 4268 Sanora
1272 4208 1420 4276 Generosa,
1436 4209 1506 4264 idem
1521 4222 1635 4278 operum
1650 4214 1678 4261 ct
1690 4205 1848 4261 uerborum.

1144 4305 1273 4362 Odiosum
1288 4303 1355 4359 milri
1374 4311 1415 4358 est
1429 4300 1518 4356 edisse
1531 4313 1600 4370 quos
1622 4311 1788 4352 anrarernm.
1806 4291 1892 4361 Hrrjrrs

1109 4396 1195 4467 culpe
1218 4394 1392 4450 sinmlacrum
1408 4406 1444 4447 ne
1464 4390 1506 4447 rei
1522 4392 1556 4445 ad
1571 4390 1665 4444 heram
1682 4387 1810 4452 adorem,
1828 4399 1892 4454 repo

1111 4489 1209 4543 Filium
1226 4486 1286 4552 liei,
1301 4485 1347 4555 qui
1361 4483 1431 4539 lilios
1444 4481 1599 4546 bominum,
1613 4489 1642 4535 nt
1657 4478 1817 4534 seinvicem
1832 4475 1893 4531 dili-

210 4556 217 4595 -:
270 4583 379 4629 ventem
398 4573 426 4628 in
449 4572 493 4627 illa
518 4581 591 4627 terra
617 4570 767 4626 terribilem
790 4572 885 4627 mortis
900 4571 1056 4642 imaginem,
1074 4558 1095 4612 Ῑ)
1111 4586 1187 4648 pant,
1209 4578 1294 4634 uerbo
1313 4574 1407 4630 docuit
1428 4580 1457 4627 et
1477 4571 1613 4642 exenrplo.
1641 4570 1694 4626 Sed
1717 4584 1783 4625 ecce
1807 4582 1892 4636 ceper

214 4696 221 4709 =
270 4667 419 4725 semirrrtos
436 4667 615 4723 eeclesiarum
642 4681 746 4731 mures,
770 4666 894 4722 arrrbusta
915 4681 1056 4723 sacrorum

176 4808 181 4819 .
197 4764 226 4829 ,·’“
271 4758 449 4814 aediliciorum
460 4757 529 4823 loca,
539 4756 714 4811 luridamenta
727 4754 834 4820 effossa,
847 4764 876 4811 et
889 4755 933 4810 ulti
950 4753 1059 4810 inerant

272 4849 427 4906 habitacula
451 4850 591 4905 bominum
618 4847 718 4904 irrenlta
742 4847 877 4904 deurieilin
897 4846 1056 4903 bestiarum.

310 4988 366 5061 (il)
383 4989 524 5060 Negotium
540 4989 617 5052 illud,
637 4986 708 5058 quod
728 5002 759 5056 pa
782 5001 795 5039 a
814 4984 949 5054 episcopo.
965 4997 997 5039 ae
1012 4983 1059 5037 de·

274 5061 352 5115 carris
376 5059 585 5129 bajocensibus,
602 5075 652 5114 uec
678 5073 730 5111 nen
756 5002 895 5125 Neptuno
914 5053 1004 5108 abbati
1027 5052 1057 5106 S.

273 5127 417 5184 Geuoreiae
441 5130 652 5184 orannnandnnr
667 5127 850 5189 cerrrruiserat,
866 5132 926 5179 erat
943 5124 976 5176 de
998 5134 1058 5176 ere·

272 5201 364 5254 ctione
387 5199 560 5269 episcopatus
579 5198 701 5252 liniensis
721 5197 746 5249 iu
773 5194 1056 5263 archiepiscopatum:

274 5269 346 5337 quod
362 5270 471 5338 quidem
486 5268 653 5323 Turonensis
677 5266 896 5335 arciriepiseepus
920 5263 982 5317 tetis
995 5261 1059 5317 niri-

273 5338 326 5394 bus
340 5338 514 5409 impediebat.

310 5408 367 5479 ltu)
379 5407 498 5462 ioannes
512 5407 654 5477 episcopus
668 5403 847 5461 Pictariensis
866 5402 968 5458 electus
979 5408 1021 5457 esi
1032 5401 1058 5454 in

275 5480 511 5550 arciriepiscopum
534 5478 748 5540 Narbonensem,
764 5474 861 5528 deinde
874 5473 901 5526 iu
916 5473 1059 5541 primatem

275 5547 496 5617 Lugdunensem,
509 5549 540 5603 de
561 5563 614 5617 qno
636 5546 693 5601 lnce
714 5545 837 5615 leguntur
852 5561 859 5598 :
877 5544 951 5596 dune
974 5541 1058 5605 ttbt,

276 5622 303 5671 in
317 5618 542 5686 nrelrirpiscopnrn
559 5617 756 5670 Narbonensem
770 5615 865 5666 eiectus
887 5623 923 5666 est
943 5611 1059 5665 ienrrnes

198 5732 213 5749 ,
278 5686 467 5753 l'r'czuuicnsir;
481 5688 536 5757 qui,
550 5703 609 5740 erens
628 5689 736 5740 lierrrnnr
757 5691 871 5753 perperci
887 5692 914 5734 nt
933 5696 1059 5735 cremore

277 5759 399 5824 perstillce
426 5757 507 5811 Lucio
529 5756 738 5825 corrfirnrnretnr,
757 5755 789 5806 ab
811 5753 901 5807 cedent
915 5752 1001 5821 [nctus
1022 5761 1059 5804 est

279 5830 492 5898 urrinirpiscepns
520 5837 543 5882 ct
564 5828 662 5896 ,ruinius
684 5823 883 5896 andunensir,
903 5831 927 5877 et
950 5823 980 5877 ob
1004 5820 1060 5892 ejus

1110 4670 1235 4726 indicere
1260 4665 1361 4722 inritus
1382 4662 1481 4719 bellum
1506 4659 1655 4716 visceribus
1672 4657 1748 4720 nreis,
1766 4667 1795 4711 et
1809 4654 1890 4723 quasi

1108 4762 1249 4819 oculorum
1272 4770 1398 4815 meorum
1417 4755 1531 4815 orbibus
1558 4748 1672 4817 injicere
1693 4745 1794 4816 digitus
1809 4744 1890 4800 elios·

1109 4870 1194 4911 sores.
1210 4853 1238 4907 Si
1253 4851 1326 4906 enim
1341 4846 1465 4920 pulsatus
1483 4853 1606 4907 tacuere,
1623 4840 1647 4896 si
1665 4854 1719 4894 uon
1735 4838 1893 4909 ingemuero

1108 4985 1232 5040 eximium
1257 4981 1441 5044 eruditionem,
1461 4984 1493 5031 ab
1507 4977 1597 5031 cedern
1618 4976 1645 5029 in
1671 4990 1750 5047 repne
1770 4971 1893 5030 l'rnnciec

1109 5068 1212 5109 erectus
1231 5064 1268 5107 ert
1284 5050 1434 5120 apostolice
1448 5049 1517 5103 sedis
1534 5047 1644 5116 ieqntnr.
1870 5108 1875 5118 Ι

1145 5125 1202 5194 (ie)
1217 5123 1317 5178 Eodem
1328 5119 1561 5188 tituleins²qnitur
1573 5117 1687 5173 ecelesia
1704 5114 1892 5182 Lugdunensis

1111 5196 1136 5250 iu
1159 5202 1265 5248 moneta
1280 5190 1405 5245 Ludoriri
1420 5188 1459 5243 Pii
1473 5200 1500 5243 et
1518 5187 1608 5244 Caroli
1622 5187 1706 5250 (latri,
1722 5184 1798 5253 cujus
1814 5190 1893 5252 typus

1110 5271 1198 5320 exstat
1214 5261 1239 5317 in
1254 5259 1439 5316 eirueliarcido
1454 5253 1673 5324 Sarrqenorelaeo.

1131 5333 1201 5398 qil)
1219 5332 1335 5388 Consule
1345 5328 1483 5398 epistolam
1496 5326 1541 5383 te.
1851 5387 1857 5398 .

1144 5405 1201 5473 (25)
1222 5401 1249 5458 ld
1262 5412 1302 5457 est
1313 5401 1377 5455 urbs
1389 5397 1558 5468 erpduunm,
1571 5408 1652 5465 quam
1665 5390 1753 5447 Solius
1765 5387 1893 5443 sidonms

1110 5478 1131 5530 b
1152 5474 1284 5537 altinatis,
1304 5469 1418 5540 epistola
1438 5470 1464 5531 5,
1487 5475 1567 5522 vocat
1588 5460 1799 5544 lilaedaunslam,
1819 5458 1892 5579 qued

1111 5492 1320 5600 aletrannum
1340 5542 1392 5595 sita
1417 5540 1460 5592 sit.
1476 5534 1589 5604 Eqresso
1604 5534 1683 5596 nerlu,
1701 5538 1800 5599 ruquu,
1832 5528 1893 5606 inp-

1111 5616 1229 5668 denusie:
1244 5623 1337 5665 rrestrer
1359 5608 1493 5667 moenibus,
1511 5607 1630 5673 publicus
1642 5614 1734 5656 enrsres
1749 5598 1810 5678 nani
1830 5597 1892 5664 sust,

1112 5694 1198 5752 utpote
1214 5681 1297 5737 sacris
1317 5679 1433 5748 apicibus
1448 5677 1542 5731 occire.
1555 5671 1716 5731 Atlrenaeus
1736 5666 1908 5736 requrouem'

1112 5756 1199 5826 ipsam
1215 5759 1383 5820 tractumque
1399 5747 1470 5803 circa
1488 5745 1648 5801 illaedarrum
1667 5739 1827 5798 iadnsrniear
1846 5750 1894 5802 ap·

1111 5822 1229 5896 pellarit.
