4425 6450
243 433 301 494 ete

244 549 423 610 interioribus
438 546 623 619 disciplinam.
644 546 678 601 Et
699 545 871 617 ariomanita
892 545 1074 602 nobiseunrd

243 643 368 713 gaudem
383 640 519 707 uolumus,
536 640 609 694 sicut
623 648 650 694 et
663 652 712 693 nos
728 636 776 693 ribi
793 652 825 693 ac
837 636 970 694 iratribus
986 651 1036 691 no·

243 735 312 791 stris
324 733 351 789 in
359 730 501 803 prosperis
514 732 729 801 congaudemus,
748 743 887 800 rogamus,
899 738 926 784 et
939 728 1038 784 extror-

245 836 338 884 tarnur
349 824 379 880 in
392 822 518 887 llonrirto,
531 830 561 876 ut
574 821 602 875 iu
619 820 712 891 uigilia
731 832 833 877 sanctae
845 820 926 891 317
939 818 1036 875 Perste-

243 928 337 976 costes
350 917 458 988 copiam
485 916 523 971 tui
543 915 622 972 nobis
642 916 759 973 'lernaei
782 915 877 980 lacios,
894 913 1036 985 quoniam,

245 1015 302 1071 ben
313 1013 433 1079 nolente,
446 1013 571 1081 sequenti
585 1028 600 1067 a
616 1013 686 1069 lesio
708 1013 789 1069 tertia
805 1011 875 1069 leria
891 1012 1037 1082 proposui*

245 1120 308 1161 mua
324 1104 452 1161 dediem
473 1102 607 1174 capellam
630 1111 752 1159 nostram
778 1118 877 1159 nouam
893 1102 962 1175 (72),
981 1117 1034 1156 non

243 1198 336 1255 miurus
357 1196 506 1266 gloriosam
532 1197 649 1252 materia
662 1210 745 1265 quam
766 1195 917 1267 pretiosam
936 1193 1033 1250 forma.

245 1287 452 1345 Delectabiliter
464 1296 612 1343 accurrens
630 1287 677 1342 tibi
693 1298 721 1343 et
738 1287 800 1343 aliis
816 1297 906 1342 tecum
924 1286 1034 1341 intluen-

243 1376 320 1432 tdcus
336 1378 394 1448 pari
410 1377 509 1431 «boore
524 1385 554 1431 et
568 1377 742 1432 aerrtulatione
757 1387 851 1433 saneta
865 1375 1034 1432 contenden-

243 1475 288 1521 tes
309 1467 336 1521 in
352 1466 468 1538 singulis
484 1466 612 1523 fenestris
631 1467 738 1533 uitreis,
755 1467 884 1523 Erurtius
902 1476 931 1524 et
943 1468 1036 1525 Geno-

243 1559 305 1613 ueia
322 1558 390 1628 (77).
407 1558 552 1629 duplicare
572 1559 654 1614 decet
680 1574 730 1615 uos
754 1571 842 1615 tecum
867 1559 1033 1632 paraclysint

244 1660 369 1707 nostram
384 1650 453 1722 (li),
470 1660 526 1706 tunt
540 1666 575 1706 ea
592 1652 766 1707 solemnitate
777 1659 805 1706 et
819 1659 898 1722 gustu
916 1649 1034 1721 Spiritus

710 427 901 487 EPISTOLAE.
923 459 956 471 -
974 427 1067 485 illlis
1085 426 1132 484 tlt.
1151 425 1207 482 ΑΝ.
1229 423 1391 482 lim-libi.

1333 537 1500 595 Ebtstult
1519 534 1633 592 ccxttt.

1203 619 1245 686 Ιιιι
1265 643 1384 683 rotamur
1404 644 1528 685 nnuarnu
1549 641 1573 681 s.
1592 639 1750 681 deuouere.

1089 742 1124 797 Sc
1133 753 1241 796 excusat
1254 743 1324 812 qnod
1335 742 1497 796 anlernrtitati
1510 742 1592 812 bajus
1606 740 1780 796 dedicationis
1797 741 1879 795 inter·

1268 828 1325 866 erse
1339 827 1394 880 prce
1412 812 1522 883 nepotiit
1538 828 1589 866 nan
1605 810 1700 867 caleat.

1126 904 1192 959 Cum
1203 903 1358 973 adpreeum
1376 912 1529 957 uestrarum
1548 903 1707 958 instantiam
1724 903 1767 957 die
1778 902 1882 957 eonsti-

1090 1005 1149 1052 tuto
1165 994 1367 1052 consecrationi
1382 995 1493 1065 capellae
1508 1006 1607 1050 restrae
1620 1010 1670 1050 uns
1687 994 1876 1065 proposuisse·

1089 1103 1148 1142 mus
1163 1093 1341 1156 presentare,
1356 1087 1487 1155 quioniam
1505 1084 1578 1139 nulla
1593 1093 1636 1139 est
1650 1086 1758 1141 sincera
1777 1083 1878 1157 volup·

1090 1186 1143 1240 tas,
1159 1175 1243 1246 319
1266 1175 1413 1231 sollicitum
1436 1174 1540 1245 aliquid
1561 1176 1750 1232 interveniens
1763 1178 1836 1247 quod
1852 1185 1880 1232 et

1087 1265 1256 1336 propositum
1279 1265 1458 1331 mutauitset
1481 1264 1572 1319 domui
1598 1275 1696 1321 nostrae
1727 1266 1877 1336 periculum

1088 1354 1234 1411 imminere
1245 1353 1428 1427 significarit.
1447 1354 1515 1422 Quia
1537 1369 1603 1410 vero
1621 1370 1696 1410 nnora
1716 1358 1749 1409 ad
1767 1371 1797 1412 se
1815 1366 1874 1411 tra-

1086 1448 1171 1503 hebat
1190 1448 1352 1518 perieulum,
1367 1457 1394 1503 et
1407 1447 1522 1502 euenttis
1540 1449 1579 1503 rei
1603 1446 1734 1503 festinare
1752 1448 1877 1519 jubebat,

1087 1539 1192 1595 auxillo
1208 1537 1255 1593 ltei
1271 1535 1367 1603 lretus,
1382 1546 1409 1591 et
1422 1537 1456 1593 de
1467 1537 1604 1608 suffragiis
1619 1537 1733 1594 fratrum
1745 1542 1879 1609 oonilsns,

1087 1630 1236 1694 trementi,
1264 1634 1396 1698 quantum
1423 1628 1543 1685 tennitas
1568 1640 1671 1685 nostra
1697 1631 1880 1688 animositatis

243 1746 347 1809 saneti,
366 1755 422 1800 turn
436 1761 470 1802 es
487 1744 661 1813 iucunditate
678 1754 706 1800 et
719 1744 810 1801 lructu
831 1744 966 1800 aediltcioli
983 1760 1032 1801 no·
1086 1721 1221 1790 W'niffl
1235 1730 1291 1787 ‘⁵¹‘
1309 1733 1352 1774 ¹¹¹⁰
1368 1721 1434 1775 '⁰¹5⁵
1455 1720 1559 1775 ‘ifibffi
1574 1723 1699 1791 ⁰PP⁰⁵¹¹¹2
1718 1734 1746 1778 θ*
1759 1725 1800 1781 ⁸5⁰
1815 1725 1880 1781 ΡΙΙῙ·

243 1836 308 1892 stri.
331 1838 521 1893 llesideraruus
546 1846 572 1891 te
597 1836 622 1891 i'n
649 1834 729 1903 lrrrjus
751 1835 855 1892 tlreatri
871 1835 1033 1906 spectaculo
1087 1829 1153 1869 '¹⁰⁶⁸
1172 1812 1355 1884 munimen
1378 1813 1496 1868 emam
1524 1814 1674 1881 q⁰²⁸⁵³⁸³⁰·
1707 1814 1878 1887 0¹¹²ll⁰l²⁰l

246 1928 352 1986 nauem
373 1940 401 1986 u
417 1929 609 1986 sutrnnmnns
633 1927 808 1999 usurarum,
823 1929 1033 2001 ergaunnmu
1051 1900 1072 1955 Β
1087 1907 1278 1978 paternitatem
1301 1915 1419 1959 vesanam
1445 1904 1633 1974 inploramus,
1653 1922 1687 1963 ne
1700 1909 1821 1991 grupen
1835 1909 1877 1965 u·

241 2028 413 2077 mmm,
426 2018 505 2088 appe,
519 2019 592 2084 peni,
604 2026 632 2074 ep
647 2017 720 2073 appe,
1086 1999 1166 2064 ratis,
1186 1998 1234 2053 sed
1253 1996 1393 2067 patienter
1412 1996 1573 2051 sustineatis
1592 1996 1664 2067 quod
1689 1998 1723 2052 ad
1739 1999 1878 2068 prasinam

1085 2091 1158 2146 diern
1171 2090 1269 2145 verrire
1284 2102 1338 2144 non
1361 2089 1501 2159 potuimus
1517 2105 1524 2142 ε
1541 2098 1624 2144 tantae
1639 2090 1712 2145 enirn
1730 2092 1879 2147 necessita-

492 2156 661 2216 ⁸P¹ST⁰¹⁴A
682 2158 783 2215 ΜΠ·
1086 2184 1122 2240 tis
1131 2182 1244 2240 occasio
1257 2184 1316 2239 sine
1330 2182 1514 2250 postulatione
1525 2181 1632 2237 verulam
1646 2190 1829 2251 promeretur.
1838 2182 1878 2238 lle

440 2289 473 2327 an
494 2288 640 2329 suranoruu
658 2285 839 2327 marrenses.
1083 2274 1165 2330 nobis
1184 2285 1275 2329 autern
1291 2273 1364 2330 scire
1378 2272 1482 2329 debetis
1496 2273 1567 2344 quod
1580 2275 1614 2329 ad
1634 2273 1660 2330 id
1679 2273 1765 2344 parati
1783 2289 1878 2330 suanus

241 2387 313 2446 Eunt
323 2393 406 2449 etiaer
418 2392 523 2460 inuitat,
539 2402 567 2447 st
581 2409 637 2447 ente
651 2390 759 2461 repelle
767 2388 929 2446 dedicationi
941 2389 1035 2445 tuderti
1083 2362 1158 2434 ΨΜ
1177 2364 1289 2419 “mnan
1312 2373 1411 2420 '⁰⁸¹¹ae
1429 2364 1627 2432 ⁰⁰⁰⁰⁸⁸²¹⁵¹¹¹⁰⁹
1646 2374 1677 2420 ει
1701 2364 1799 2420 ¹¹⁰⁰⁰¹¹⁸
1820 2365 1878 2420 ΜΨ

568 2465 704 2533 dipuetsr.
1086 2472 1167 2513 rreum
1180 2471 1242 2514 esse
1255 2458 1473 2528 cognorerimns,
1486 2459 1559 2529 aprrod
1573 2459 1682 2529 quoties
1700 2458 1777 2515 robis
1794 2470 1879 2526 erpe-

281 2552 321 2608 nd
334 2552 466 2610 honorent
479 2552 527 2608 liei
538 2561 568 2608 et
581 2552 773 2610 contusionem
785 2550 948 2608 communia
960 2565 1035 2606 ntur·
1084 2550 1177 2615 dierit,
1192 2550 1329 2606 eubibitio
1345 2550 1439 2619 operis
1450 2549 1589 2619 probabit.
1605 2548 1699 2604 valete
1714 2549 1741 2602 in
1755 2562 1832 2619 pace.

241 2645 379 2699 manantis
392 2645 527 2701 ιιιειιιιιι
545 2645 578 2701 dc
594 2646 675 2701 domo
691 2655 784 2701 nostra
806 2645 923 2701 liberurn
943 2651 970 2698 et
990 2658 1034 2698 se·
1330 2661 1499 2721 pppspppp
1517 2660 1632 2718 ccxpp,

237 2737 523 2809 emuneingressnm,
539 2735 656 2794 liberunt
675 2745 771 2793 cantra
791 2737 886 2793 turbas
905 2734 1034 2791 etturbi·
1164 2775 1199 2814 A„
1214 2772 1385 2817 mmm„
1399 2773 1538 2815 mm.
1558 2771 1798 2817 mmmmm

239 2846 313 2896 '¹⁰⁵³
331 2846 456 2887 seculum
472 2840 564 2887 (ΟΜΝ
580 2838 730 2888 ”⁰⁰¹⁰ffi08
744 2830 867 2887 mm·
889 2830 1034 2888 Ef⁰¹¹¹¹¹¹¹⁸
1085 2851 1225 2908 Rationem
1247 2852 1331 2907 reddit
1355 2854 1388 2907 tle
1407 2852 1566 2924 quibusdam
1584 2850 1705 2920 salsuriis
1721 2851 1768 2921 qui
1789 2851 1875 2908 bullar

240 2936 341 2977 areum
355 2923 440 2993 318
455 2922 651 2994 triutuplraleut
671 2921 743 2992 (td),
761 2921 876 2976 victoria
896 2921 976 2976 nobis
999 2920 1033 2976 de
1271 2939 1278 2950 ·
1381 2921 1578 2976 adulterabant.

239 3011 314 3070 eoelo
325 3014 437 3078 collata,
451 3015 687 3070 circumduximus
698 3014 757 3069 uias
768 3012 875 3083 patulas
890 3021 1034 3069 transeun·
1125 3013 1165 3070 tu
1181 3024 1301 3071 restrum
1315 3013 1474 3079 consiliunt,
1490 3012 1581 3077 Pater,
1595 3012 1622 3066 in
1638 3012 1739 3079 dubiis,
1751 3011 1784 3067 ad
1799 3014 1876 3069 auxi·

243 3103 331 3170 tibris,
353 3103 605 3175 superentucames
623 3106 649 3160 iu
665 3119 730 3161 aere
755 3103 890 3175 capellam
917 3119 1031 3174 noram,
1085 3108 1151 3164 liurn
1169 3108 1337 3164 recurrimus
1351 3107 1380 3162 in
1394 3106 1530 3162 aduersis.
1552 3105 1581 3160 ln
1596 3106 1685 3175 primo
1700 3106 1829 3170 tertium,
1847 3108 1875 3161 in

244 3207 301 3252 tam
332 3195 479 3268 gloriosam
506 3198 619 3253 materia
642 3212 726 3269 quam
752 3196 903 3269 gratiosam
931 3195 1029 3254 lorrna.
1083 3201 1203 3257 meando
1215 3208 1343 3270 quartum
1358 3198 1417 3271 (77)
1433 3198 1503 3256 sacri
1520 3197 1668 3268 septenarii
1683 3197 1815 3268 Spiritum
1828 3212 1876 3267 po·

240 3288 334 3357 nogat
348 3303 397 3343 tros
412 3288 518 3344 amicus
541 3301 644 3355 uester,
666 3299 745 3345 uetrrs
760 3288 852 3345 dicere
865 3283 980 3346 debeam
996 3259 1067 3347 unc
1084 3291 1231 3348 statamus.
1258 3292 1297 3347 lle
1319 3293 1448 3347 mandato
1472 3299 1565 3346 uestro
1589 3289 1716 3346 laisarios
1741 3291 1874 3359 urrosdara

241 3380 361 3443 retatus,
383 3380 494 3447 nescio,
520 3397 574 3437 non
596 3397 688 3436 cannen
710 3382 825 3437 dixerim
851 3382 1031 3450 litteteratus,
1083 3383 1188 3442 cautela
1202 3395 1230 3442 et
1246 3395 1322 3449 arte,
1339 3399 1391 3439 non
1415 3383 1557 3453 potentia,
1573 3381 1607 3436 ad
1628 3381 1815 3438 obnitendum
1832 3383 1875 3437 iu·

240 3482 284 3539 ut,
300 3473 322 3528 si
336 3473 392 3528 lieri
405 3481 507 3544 potest,
519 3476 552 3529 ad
566 3474 745 3530 dedicandam
757 3472 890 3545 capellana
907 3483 1031 3541 nostram
1082 3476 1220 3541 duximus,
1234 3475 1369 3547 promissa
1385 3474 1560 3546 impunitate,
1575 3481 1707 3544 quantuni
1720 3474 1799 3531 stultis
1811 3473 1875 3530 licc-

240 3583 293 3641 per
301 3575 536 3622 marrumuestram
552 3565 630 3621 tortia
646 3565 713 3621 teria
731 3565 914 3628 Pentecosten,
926 3574 1031 3638 gratam
1083 3567 1133 3630 luit,
1145 3570 1192 3623 uni
1208 3582 1320 3631 eorum,
1332 3567 1378 3636 qui
1393 3567 1554 3622 adulterinae
1569 3566 1649 3622 bullae
1662 3568 1834 3640 superiorem
1846 3578 1875 3621 et

240 3654 416 3729 praesentiora
438 3665 557 3711 uestram
585 3656 664 3711 nobis
688 3656 902 3721 exhibentium
925 3657 1031 3725 pariter
1081 3657 1239 3714 interiorem
1259 3656 1360 3714 molam
1379 3656 1438 3727 (78)
1462 3658 1543 3714 uobis
1558 3658 1584 3713 ln
1598 3659 1719 3729 capitulo
1741 3659 1873 3718 restituit.

242 3750 344 3824 duplici
369 3751 472 3824 gaudio
486 3750 605 3823 paradisi
622 3750 853 3821 congaudeamus,
878 3759 907 3803 et
930 3748 1031 3804 lestiro
1082 3747 1214 3805 Terribili
1226 3750 1398 3820 salutatione
1412 3758 1440 3805 et
1453 3750 1596 3805 devotione
1606 3750 1747 3806 contessus
1759 3758 1802 3808 est
1812 3767 1873 3808 sese

240 3845 362 3900 aduentu
389 3841 510 3913 Spiritus
528 3842 629 3907 saneti,
653 3849 682 3896 et
701 3839 823 3908 jucundo
838 3838 952 3895 introitu
968 3853 1032 3893 ora·
1082 3857 1222 3912 nunquam
1236 3856 1270 3898 ea
1287 3857 1365 3897 usuum
1382 3840 1477 3906 luisse,
1494 3839 1541 3896 sed
1554 3840 1695 3911 eujusdam
1710 3843 1871 3914 presbyteri,

239 3934 308 3990 terii
330 3934 405 3990 rucei.
436 3932 510 3988 Felix
535 3932 592 3989 erit
614 3931 694 3994 dies,
721 3929 786 4003 quio
811 3944 895 4000 parua
921 3929 1029 4000 tuprtria
1081 3932 1127 4002 qui
1142 3931 1228 3987 talias
1242 3931 1347 3987 litteras
1363 3930 1514 3997 renidebat,
1530 3932 1622 3987 socius
1636 3940 1711 3996 erat,
1725 3942 1752 3988 et
1765 3944 1872 4004 partera

240 4036 336 4082 nostra
352 4026 457 4097 hospes
470 4039 585 4098 magnus
600 4022 758 4094 implebitis.
785 4021 814 4077 ln
838 4037 906 4077 areu
932 4036 1030 4093 supra·
1082 4021 1195 4079 irulausti
1207 4022 1286 4094 pretii
1298 4025 1462 4095 quandoque
1475 4023 1633 4094 recipiebat.
1648 4022 1730 4097 320
1740 4021 1873 4082 tuanen

240 4116 329 4182 dete,
350 4115 397 4188 qui
420 4116 508 4172 saeris
526 4115 675 4186 parietibus
695 4113 830 4180 conaret,
853 4112 965 4184 quidam
979 4127 1030 4168 no·
1081 4112 1168 4168 etiarn
1182 4111 1406 4184 pupillarenobis
1422 4113 1548 4182 reddidit,
1562 4112 1590 4169 in
1602 4125 1656 4184 uuo
1671 4115 1763 4185 piures
1773 4114 1873 4174 littere

242 4216 331 4263 strunt
359 4206 507 4264 uersiculos
528 4207 691 4278 depinxerat
716 4204 774 4277 (76)
796 4218 830 4259 ne
853 4211 1029 4260 transeuntes
1081 4202 1873 4278 subapostolioonominecontlnentur.Presbyterillebe-

241 4296 369 4355 sordibus
393 4298 539 4369 inquinent
562 4297 707 4354 honestum
730 4296 833 4364 locunt,
849 4311 965 4367 quorum
981 4296 1031 4351 ali·
1082 4295 1213 4352 nentium
1227 4294 1310 4352 babet
1323 4311 1340 4351 a
1351 4295 1471 4366 capitulo
1485 4308 1624 4351 annerum
1637 4297 1750 4353 seruitio
1760 4298 1873 4369 majoris

241 4405 314 4463 quus
327 4390 405 4446 robis
422 4389 653 4454 transmittimus,
674 4404 708 4445 ne
727 4388 788 4445 sine
802 4386 859 4445 risu
873 4395 922 4444 aut
932 4387 1030 4458 jocoso
1081 4388 1190 4444 altaris.
1208 4387 1275 4456 erls
1286 4390 1322 4445 sit
1338 4397 1366 4444 et
1381 4387 1469 4459 qualis
1485 4389 1531 4457 sit,
1545 4389 1665 4460 qualiter
1678 4390 1761 4445 etiam
1776 4404 1808 4446 se
1821 4406 1871 4447 en·

245 4481 352 4539 ludicro
363 4481 505 4538 claudatur
517 4480 641 4552 epistola.
978 4491 980 4495 ·
1081 4493 1181 4535 eusare
1195 4481 1294 4550 possit,
1309 4480 1382 4537 lator
1392 4481 1568 4551 praesentium
1579 4480 1670 4536 dicere
1684 4479 1760 4536 rubis
1769 4491 1870 4552 potest.

1083 4570 1234 4629 Serranus
1248 4571 1325 4628 uobis
1339 4573 1450 4628 incudes
1463 4573 1653 4637 adulterinas,
1667 4587 1784 4643 quarum
1795 4574 1872 4628 adul·

280 4745 337 4815 (lii
362 4747 488 4802 Construi
516 4744 582 4801 lecit
599 4743 733 4816 capellum
755 4759 853 4800 nouam
880 4746 907 4800 in
922 4747 1026 4870 palatiu
1044 4751 1140 4808 licem
1159 4750 1296 4808 excelsam
1311 4751 1338 4805 in
1352 4750 1558 4806 similitudinem
1580 4762 1662 4802 arcus
1685 4748 1869 4817 triumphalis,

240 4817 390 4887 episcopali
415 4817 442 4871 in
467 4817 597 4872 bonorem
620 4816 647 4871 S.
667 4813 801 4870 vincentii
817 4816 917 4871 arrrrol
938 4817 982 4881 98,
999 4819 1027 4875 in
1081 4835 1142 4891 quae
1161 4822 1243 4876 etiam
1262 4836 1334 4874 nunc
1356 4831 1459 4878 exstat.
1484 4821 1524 4873 ild
1552 4818 1611 4887 ejrrs
1634 4818 1871 4874 mnsecradouom

241 4901 275 4940 ea
298 4900 330 4940 ue
355 4887 474 4942 instituit
495 4885 676 4956 capellanum,
704 4884 751 4954 qrri
779 4885 889 4939 urissarn
913 4887 1027 4956 singulis
1080 4891 1187 4945 vocarit
1198 4905 1247 4961 per
1264 4890 1335 4944 lianc
1347 4889 1490 4960 epistulam
1504 4888 1660 4957 episcopum
1674 4886 1868 4954 llorinensem,

242 4957 289 5011 dic
309 4971 340 5012 us
353 4971 402 5028 pro
416 4954 553 5012 delurretis
565 4957 700 5025 episcopis
722 4952 941 5010 Torrraceusibus
957 4957 1028 5012 cele·
1080 4959 1157 5029 errius
1168 4962 1342 5029 episcopatus
1357 4961 1423 5013 rrrbe
1442 4960 1531 5013 diruta
1555 4955 1697 5012 Boluuiana
1718 4959 1868 5014 translatus

243 5027 348 5087 bearet,
364 5042 426 5082 cum
442 5026 554 5081 collecta
580 5041 629 5095 pro
652 5024 766 5093 praeside
787 5032 853 5078 tratre
876 5024 904 5078 ln
932 5027 1027 5080 carlum
1078 5038 1133 5094 cst,
1146 5038 1175 5081 ut
1191 5027 1318 5082 diximus.

241 5095 372 5151 cathedra
387 5099 507 5151 sedente.
986 5144 990 5149 .
1114 5099 1171 5168 (lu)
1185 5097 1237 5151 Eos
1250 5096 1378 5151 duximus
1390 5096 1433 5151 lrie
1447 5096 1625 5160 omittendus,
1635 5104 1664 5151 ut
1673 5098 1762 5151 rnirtus
1771 5111 1870 5166 praees

277 5164 324 5227 (73
354 5166 413 5222 lluo
426 5166 512 5235 ipsius
528 5167 636 5236 patroni
654 5175 680 5220 et
706 5162 853 5225 tutelares,
875 5177 939 5245 erpa
960 5179 1027 5234 qrrus
1080 5178 1107 5223 ct
1125 5167 1265 5230 borrestos,
1290 5165 1354 5222 licet
1377 5168 1530 5222 babeautur
1549 5168 1577 5222 in
1607 5167 1660 5222 tirre
1681 5166 1868 5236 epistoteetu

240 5234 374 5304 struguart
401 5236 503 5305 pietate
527 5237 723 5299 alliciebantur,
752 5235 823 5300 uuod
852 5233 878 5287 in
906 5248 1027 5304 tpsurutu
1080 5236 1328 5306 prirnaeeditiuuis.

243 5307 421 5361 monasteriis
433 5306 541 5361 abbatis
555 5307 687 5376 dignitate
702 5304 806 5374 potitus
825 5302 932 5359 luisset.
951 5302 1028 5360 uuna
1116 5307 1171 5376 (77)
1191 5305 1318 5377 iutelligit
1329 5307 1381 5363 boe
1391 5307 1425 5362 de
1435 5317 1538 5378 septem
1550 5307 1628 5362 donis
1639 5304 1755 5374 Spiritus
1767 5305 1866 5368 sarrcti,

242 5380 274 5428 ιιι
287 5377 374 5446 nrapis
387 5391 419 5430 ae
434 5377 519 5444 ungis
531 5385 636 5445 ¹pratum
646 5389 724 5430 suurn
740 5381 884 5428 testaretur
894 5374 1027 5440 animum,
1079 5376 1114 5431 de
1125 5377 1222 5444 quibus
1233 5376 1328 5440 isaias,
1340 5393 1401 5447 cap.
1416 5394 1435 5434 ιι
1452 5397 1459 5433 :
1472 5378 1590 5447 Spiritus
1604 5375 1739 5445 rapientia
1752 5382 1777 5428 et
1790 5374 1868 5427 intel·

242 5457 339 5500 eurum
358 5448 490 5501 solemnia
511 5447 536 5500 iu
559 5447 616 5515 ipsa
630 5443 782 5500 cathedrali
796 5441 962 5498 'fornacensi
979 5444 1028 5499 sub
1078 5447 1173 5513 iectus,
1187 5447 1294 5516 spiritur
1305 5447 1408 5502 consilii
1423 5460 1446 5503 et
1470 5447 1644 5518 tortitudinis,
1660 5442 1769 5508 spiritur
1781 5443 1867 5496 scieu-

243 5515 298 5568 ritu
320 5514 420 5586 duplici
432 5518 449 5572 a
463 5516 608 5570 lectionum
622 5517 823 5585 inperpetuum
838 5512 968 5568 celebrari
982 5528 1029 5567 cu·
1080 5518 1125 5570 tice
1136 5525 1160 5569 et
1173 5517 1295 5585 pietatis,
1309 5518 1420 5586 spiritur
1434 5517 1536 5573 timoris
1549 5515 1665 5569 llornini.
1677 5511 1749 5567 Petit
1761 5525 1826 5581 erpo
1838 5511 1865 5564 in

242 5583 420 5649 reducentis
433 5586 583 5642 redditibus
597 5585 631 5639 ad
644 5586 696 5639 lroc
708 5583 844 5652 ascriptis.
1081 5585 1172 5640 alubiis
1185 5587 1294 5640 tertium
1306 5588 1416 5647 donum,
1431 5587 1502 5659 qarod
1516 5595 1559 5639 est
1572 5583 1724 5646 comitium,
1738 5588 1766 5636 et
1777 5582 1804 5636 in
1817 5582 1866 5634 nd-

280 5655 337 5724 (ll)
354 5657 443 5710 Sumit
455 5656 506 5711 lunc
520 5654 578 5708 loeo
590 5652 751 5724 paraclesim
766 5667 815 5722 pro
829 5650 1026 5720 copulatione,
1080 5657 1167 5710 nereis
1180 5665 1324 5724 qrrartunt,
1342 5659 1415 5726 quod
1435 5665 1477 5713 est
1493 5654 1633 5722 tortitudo.

244 5723 318 5779 sieut
332 5727 486 5795 paraeletus
498 5725 600 5778 «licitur
610 5724 776 5777 corrsolator.
1116 5725 1174 5795 (78)
1195 5725 1268 5780 idem
1281 5737 1321 5781 est
1335 5742 1368 5781 ac
1383 5727 1448 5782 illud
1463 5725 1534 5793 quod
1547 5725 1614 5779 dicit
1627 5723 1741 5781 interius
1753 5719 1866 5778 incudes

280 5795 337 5867 (75)
354 5797 491 5864 Capellam
508 5795 534 5847 in
549 5792 649 5861 pulsato
662 5793 808 5862 episcopali
829 5793 919 5849 erexit
940 5801 968 5848 et
980 5808 1028 5848 ex·
1081 5795 1263 5861 adulterinam
1280 5806 1345 5852 sunt
1364 5807 1455 5852 autem
1475 5795 1655 5852 instrumenta
1672 5796 1707 5850 ad
1729 5801 1864 5850 mortetaru

245 5870 347 5922 struxit
366 5865 521 5934 Steplmnus
538 5873 632 5917 noster
646 5861 827 5924 Toruacensis
847 5878 927 5933 super
940 5863 1026 5921 lurni·
1082 5865 1124 5922 tul
1135 5865 1223 5940 sigilla
1236 5866 1405 5923 lubricando·

379 5955 635 6024 assuescunt.
1046 5989 1055 5997 .,
1673 5955 1710 6016 tu
