4425 6450
581 389 648 444 (Π
1453 377 1833 437 ansetoxts
1866 372 2159 434 ABBATS
2202 372 2949 432 eminentissima-sis
3776 383 3850 439 aa

576 502 732 575 pacis
754 510 811 558 et
838 500 1147 559 eoncordiae
1171 499 1354 554 vivum
1407 494 1716 565 exemplum
1747 492 1977 549 formica
2028 490 2158 548 reli·
2185 498 2235 555 Α
2265 491 2354 561 qul
2390 491 2545 561 quasi
2601 490 2765 546 altior
2809 491 2993 547 sectile
3042 488 3269 546 effeetus
3316 490 3547 547 calcatis
3604 498 3847 551 terrenis

575 594 717 664 quit,
741 607 862 663 quie
890 608 1043 647 suain
1067 602 1381 658 comparem
1415 586 1555 641 t'orte
1585 584 1707 655 plus
1750 581 1900 652 justo
1945 595 2153 636 onera-

579 697 714 749 tam,
749 683 982 739 naturali
1012 683 1247 751 quadam
1271 678 1548 734 charitate
1595 675 1839 742 alleviat,
1868 689 1937 730 ne
1985 687 2150 744 supra

577 777 727 831 vires
755 774 947 847 grandi
991 786 1243 843 pressum
1269 784 1439 825 onere
1491 769 1764 824 modicum
1812 781 2010 836 corpus
2058 765 2153 820 de·

580 869 748 923 liriats
795 866 886 921 Sic
914 879 1078 935 grues
1111 864 1162 917 in
1195 875 1325 917 aere
1370 862 1637 932 disposito
1691 860 1885 915 ordine
1932 858 2154 912 literato

578 956 999 1027 praecedentem,
1033 964 1089 1009 et
1119 954 1278 1023 quasi
1305 953 1455 1007 renti
1490 961 1805 1023 portantem
1863 949 2151 1018 impetum,

577 1046 765 1101 sociali
799 1045 1034 1116 quadam
1054 1044 1389 1114 benignitate
1413 1042 1687 1107 reticiunt,
1713 1040 1842 1093 dum
1872 1038 2021 1093 illatn
2040 1036 2155 1105 jam

582 1139 840 1194 lassatam
873 1146 1137 1206 ponentes
1169 1136 1223 1189 in
1255 1135 1433 1190 locum
1462 1134 1847 1203 posteriorem,
1875 1139 1929 1183 et
1968 1146 1998 1183 a
2040 1129 2160 1182 vio·

578 1230 746 1286 lentia
794 1236 1123 1294 ventorum,
1173 1227 1330 1295 quasi
1388 1224 1491 1280 sub
1540 1223 1644 1278 alis
1687 1224 1801 1277 suis
1844 1228 2157 1291 protegunt.

580 1323 738 1380 Sicut
760 1335 1050 1378 cervorum
1077 1318 1369 1373 multitudo
1389 1318 1516 1374 dum
1543 1316 1659 1371 loca
1692 1324 1904 1369 ιιιιιιιιιε
1925 1314 2157 1383 appetit,

581 1414 814 1487 quilibet
839 1412 1008 1467 dorso
1034 1410 1266 1467 alterius
1300 1418 1461 1479 caput
1504 1421 1663 1461 suum
1706 1403 2049 1476 superponit,
2101 1412 2161 1456 ut

585 1506 913 1562 antecedens
939 1518 1132 1559 ontnes
1164 1502 1461 1566 sustineat,
1484 1508 1797 1570 postremus
1814 1496 1882 1551 ab
1905 1495 2160 1551 omnibus

584 1594 840 1650 videatur
860 1594 1189 1658 sustentari,
1212 1603 1267 1647 et
1292 1592 1343 1646 iu
1379 1592 1524 1646 bunc
1549 1589 1766 1644 tnodum
1791 1588 1893 1642 sibi
1924 1586 2158 1640 invicem

581 1688 944 1744 eeeeedemes
999 1684 1226 1741 alterius
1269 1690 1553 1753 portantes
1611 1695 1780 1734 onera
1831 1693 1931 1732 suo
2001 1676 2162 1730 modo

580 1777 996 1852 inuenti-‚gem
1013 1777 1241 1833 Christi.
1273 1775 1692 1831 conformemur
1721 1773 1773 1825 in
1802 1770 1907 1825 hoc
1933 1768 2065 1823 arti«
2073 1767 2164 1824 ulo

2262 583 2520 638 omnibus
2560 591 2771 637 tantum
2825 583 2894 637 ad
2935 598 2997 637 ea
3051 598 3171 653 quae
3212 583 3305 637 Dei
3345 594 3473 639 sunt
3499 593 3613 642 toto
3645 589 3848 642 mentis

2260 674 2535 729 desiderio
2566 687 2627 728 se
2653 674 2943 728 convertit.
2976 672 3083 728 Sed
3115 689 3221 729 non
3248 689 3442 729 omnes
3469 676 3690 746 capiunt
3721 693 3850 735 ver·

2258 766 2391 821 hum
2422 765 2545 819 boc.
2588 763 2727 819 Tota
2766 764 2948 819 anima
2994 766 3162 820 Deum
3202 766 3401 835 diligit,
3430 768 3521 837 qui
3564 768 3617 822 in
3653 780 3846 827 sancta

2260 855 2675 911 conversatione
2738 864 3053 925 perseverat
3127 858 3389 928 quamdiu
3448 860 3604 915 vivit.
3646 861 3848 919 Anium

2260 947 2404 1002 enim
2437 946 2689 1013 vivimus,
2714 945 2980 1015 sicutiam
3010 948 3143 1003 dixi.
3167 947 3291 1004 llaec
3318 960 3551 1018 quatuor
3576 962 3701 1007 sunt
3727 968 3852 1023 gra·

2262 1038 2365 1093 dus
2394 1038 2614 1108 quidam
2665 1038 2864 1107 quibus
2913 1039 2966 1093 in
3018 1038 3217 1094 roelnm
3267 1042 3614 1096 ascenditur:
3666 1044 3852 1100 cordis

2263 1129 2413 1183 enim
2457 1129 2714 1184 contritio
2750 1144 2782 1183 a
2823 1138 3048 1200 peccato
3089 1129 3305 1195 liberat,
3347 1132 3595 1201 operatio
3626 1137 3853 1190 virtutis

2262 1218 2523 1275 offensam
2557 1218 2649 1274 Dei
2689 1220 2887 1290 placat,
2915 1220 3150 1274 elevatio
3201 1222 3406 1277 mentis
3441 1223 3557 1279 sive
3597 1235 3848 1282 contem·

2264 1311 2429 1382 platio
2454 1321 2615 1381 gustu
2642 1312 2932 1368 suavitatis
2959 1312 3254 1377 confortat,
3288 1317 3694 1384 perseverantia
3719 1319 3849 1375 bonl

2264 1403 2575 1468 confirmat,
2603 1411 2662 1458 ut
2697 1418 2871 1474 neque
2897 1406 3099 1474 angeli,
3132 1421 3308 1476 neque
3353 1408 3722 1480 principatus,
3753 1428 3853 1470 ne·

2266 1506 2372 1561 que
2404 1503 2722 1562 potestates,
2767 1509 2941 1564 neque
2970 1495 3160 1565 sames,
3187 1512 3367 1569 neque
3397 1501 3635 1571 gladius,
3667 1519 3851 1574 neque

2275 1584 2558 1652 instantia,
2593 1601 2769 1656 neque
2797 1588 3143 1657 profundum,
3182 1603 3358 1661 neque
3387 1601 3635 1650 creatura
3666 1595 3849 1665 aliqua

2268 1677 2439 1747 possit
2463 1693 2722 1748 separare
2748 1692 2777 1731 a
2811 1680 3079 1733 charitate
3112 1680 3205 1736 Dei
3234 1682 3412 1751 (Rom.
3441 1689 3540 1757 tx),
3567 1702 3851 1759 quousque

2269 1770 2804 1840 comprehendamus
2829 1785 2952 1824 cum
2995 1772 3250 1827 omnibus
3289 1777 3496 1830 sanctis
3537 1778 3626 1833 ubt
3660 1792 3852 1851 regnat

580 1869 773 1930 bessii·
799 1880 991 1940 terrae,
1037 1877 1098 1926 ut
1167 1867 1311 1939 quod
1357 1881 1456 1922 cor
1516 1873 1764 1919 nostrum
1816 1862 2163 1931 impoenitens
2199 1850 2240 1904 Β
2266 1878 2388 1917 cum
2419 1861 2583 1916 Patre
2606 1860 2882 1931 etSpiritu
2904 1870 3117 1930 sancto,
3137 1879 3234 1935 per
3254 1868 3436 1922 omnia
3461 1869 3655 1926 saccula
3670 1887 3850 1929 saecu-

578 1977 649 2022 ex
690 1961 960 2022 beneflcio
1019 1961 1104 2018 sui
1164 1959 1444 2017 Creatoris
1510 1973 1617 2012 non
1685 1954 1802 2009 suti
1862 1953 2161 2023 accipere,

584 2055 784 2113 saltem
848 2054 905 2109 in
963 2067 1122 2109 suam
1185 2050 1563 2107 confusionem
1593 2090 1609 2113 ,
1679 2046 1732 2101 ia
1788 2058 1846 2099 re
1905 2043 2160 2099 inferiori

588 2150 763 2223 possit
786 2146 1054 2203 invenire.
1101 2143 1198 2200 Vis
1230 2154 1410 2198 tamen
1451 2138 1719 2210 exemplo
1760 2138 1834 2193 tui
1868 2137 2166 2193 Salvatoris

587 2238 891 2294 admoneri.
920 2236 1060 2290 Audi
1113 2250 1237 2290 eum
1265 2234 1567 2289 dicentem:
1607 2233 1760 2298 Quod
1804 2231 2045 2299 perierat
2089 2244 2171 2283 re·

592 2333 834 2402 quirem,
866 2326 1010 2398 quod
1038 2325 1309 2399 abjectum
1342 2324 1522 2380 luerat
1553 2326 1826 2387 reducam,
1860 2323 2002 2392 quod
2032 2336 2168 2376 cen-

587 2421 828 2477 tractum
871 2418 1127 2488 alligabo,
1171 2417 1315 2488 quod
1362 2416 1639 2471 infirmum
1690 2416 1898 2470 sanabo
1947 2411 2167 2482 (Eucti.

585 2513 798 2585 xxxxv).
827 2512 896 2567 Et
925 2509 1090 2567 isaias
1119 2511 1189 2566 de
1218 2512 1336 2580 ipso
1375 2526 1390 2563 ι
1422 2510 1562 2564 Ecce
1590 2506 1847 2563 Salvator
1869 2516 1993 2560 tuus
2027 2504 2172 2560 venit

586 2615 642 2662 et
663 2619 874 2661 merces
901 2602 1171 2673 ejuscum
1203 2617 1270 2658 eo
1301 2600 1441 2673 (Ιιιι.
1472 2601 1630 2672 axii).
1663 2600 1830 2671 Ergo,
1865 2598 2066 2654 fratres
2091 2597 2173 2651 di·

585 2697 896 2765 lectissimi,
922 2704 1002 2753 tot
1035 2694 1299 2765 exetnplis
1319 2694 1589 2750 admoniti
1626 2702 1775 2746 tanta
1809 2692 2063 2747 intercede
2085 2692 2171 2744 in·

584 2789 746 2846 vitati
780 2802 886 2843 non
919 2787 1240 2844 blandiatur
1269 2785 1639 2841 consideratio
1667 2782 1902 2854 propriae
1933 2781 2170 2845 virtut‘s,

587 2895 697 2937 non
725 2878 962 2935 extollat
984 2889 1114 2934 nota
1145 2879 1339 2933 alienae
1370 2876 1729 2942 infirmitatis,
1756 2890 1862 2931 non
1903 2876 2174 2930 distrahat

587 2974 828 3031 studium
882 2973 1122 3028 inimicae
1168 2971 1547 3028 detractionis.
1600 2968 1981 3025 consideratio
2024 2967 2172 3021 enim

588 3066 823 3138 propriae
848 3064 1066 3119 virtutis
1095 3078 1203 3118 non
1248 3062 1364 3119 vult
1403 3064 1606 3118 habere
1631 3062 1864 3128 socium,
1894 3068 2019 3113 nota
2043 3057 2177 3110 alie-

590 3173 675 3214 nae
701 3156 1036 3212 infirmitatis
1070 3155 1215 3226 parit
1253 3162 1652 3223 contemptum,
1694 3153 1845 3208 virus
1885 3151 2178 3208 detractio·

2267 1950 2466 2021 lorum,
2486 1955 2681 2009 Amen.

2886 2049 3120 2108 sssntto
3148 2050 3237 2108 Xl.

2750 2153 2804 2196 ta
2838 2155 3123 2197 ενινιιιιιιιι
3159 2157 3369 2202 nomm.

2345 2229 2623 2287 Habemus
2645 2244 2712 2286 ex
2741 2231 3040 2300 Scripturis
3060 2237 3265 2292 sanetis
3314 2236 3368 2310 (1
3407 2237 3534 2294 Cor.
3578 2240 3668 2309 n),
3702 2242 3849 2312 quod

2273 2322 2443 2376 adulti
2470 2322 2645 2377 solido
2671 2324 2815 2390 cibo,
2845 2328 2941 2380 sed
2973 2327 3183 2397 parvuli
3218 2329 3358 2385 lacte
3402 2332 3675 2387 nutriendi
3700 2343 3852 2400 sunt,

2277 2424 2333 2468 et
2364 2415 2489 2470 inde
2518 2416 2678 2473 nobis
2704 2417 3069 2488 significatur,
3098 2422 3354 2490 quantiam
3383 2422 3709 2492 simplicium
3734 2440 3859 2481 cor·

2275 2505 2341 2561 da
2382 2508 2620 2577 simplici
2648 2526 2922 2573 sermone,
2956 2516 3047 2581 qui
3083 2529 3210 2568 vero
3233 2514 3513 2570 subtilium
3546 2525 3675 2571 sunt
3702 2521 3856 2588 inge·

2277 2601 2493 2655 niormn
2533 2612 2589 2658 et
2624 2606 2835 2676 maguis
2861 2608 3063 2662 eruditi
3106 2609 3370 2676 scientiis..
3412 2611 3592 2665 altiori
3621 2613 3854 2682 quadam

2278 2693 2427 2746 verbi
2461 2692 2556 2749 Dei
2587 2695 2789 2753 virtute
2820 2709 2948 2753 sunt
2972 2698 3278 2755 erudiendi.
3309 2700 3376 2755 Et
3405 2705 3663 2771 quoniam
3697 2705 3857 2760 multi

2277 2802 2344 2843 ex
2368 2788 2519 2843 vobis
2541 2795 2654 2863 per
2669 2790 2892 2846 multam
2923 2791 3328 2860 Scripturarum
3353 2796 3635 2849 scientiam
3657 2810 3858 2865 parvu-

2279 2879 2457 2935 lorum
2486 2880 2820 2937 intellectum
2848 2884 3064 2940 abunde
3091 2887 3427 2953 excessistis,
3458 2886 3591 2944 libet
3619 2891 3687 2943 ad
3718 2903 3858 2954 βτα-

2280 2987 2407 3029 ecus
2450 2974 2640 3029 humili
2677 2975 2930 3045 loquendi
2973 2978 3134 3033 modo
3157 2981 3398 3047 parvulis
3436 2982 3587 3037 verbi
3630 2983 3724 3038 Dei
3763 2999 3860 3054 pa-

2281 3081 2403 3121 nem
2427 3063 2713 3137 frangore:
2748 3070 3003 3139 qnoniam
3027 3072 3169 3126 sicut
3194 3088 3300 3128 non
3333 3073 3702 3146 indigentibus
3725 3080 3862 3135 dare

2282 3173 2673 3229 supervmuum
2719 3170 2826 3228 est,
2873 3162 2947 3216 ita
3005 3173 3061 3218 et
3107 3164 3474 3235 indigentibus
3531 3169 3863 3228 subtrahero

590 3251 678 3307 nis
709 3251 940 3320 pullulat
978 3251 1030 3304 in
1057 3249 1262 3303 odium.
1300 3248 1581 3303 Discamus
1628 3262 1728 3317 pro
1761 3247 1858 3302 Dei
1897 3248 2176 3304 beneficiis
2205 3238 2249 3296 C
2283 3266 2530 3307 avarum.
2568 3253 2680 3309 Nec
2727 3256 3003 3313 rusticitas
3057 3258 3257 3326 eloquii
3312 3260 3563 3329 cuiquam
3612 3272 3865 3318 contem-

591 3343 902 3408 ltutuiliari,
953 3341 1144 3398 alienis
1198 3342 1607 3398 infirmitatibus
1662 3343 1935 3409 misereri,
1981 3346 2176 3414 despe-

588 3446 778 3493 rantes
806 3438 862 3493 in
889 3436 1119 3492 Domino
1136 3436 1431 3500 consolari,
1459 3444 1519 3490 ut
1537 3435 1880 3491 sicliabitate
1905 3437 2176 3506 possimus

589 3534 755 3584 unius
792 3529 961 3583 inuris
1004 3528 1059 3582 in
1106 3528 1292 3583 domo.
1344 3527 1484 3582 Ecce
1535 3528 1799 3582 habentus
1849 3527 2054 3597 aliquid
2109 3530 2176 3583 de

588 3621 859 3677 servanda
901 3619 1220 3676 innocentia
1278 3617 1535 3674 similiter
1563 3619 1630 3673 de
1673 3632 1807 3689 pace
1837 3624 1894 3673 et
1942 3633 2174 3674 concor-

591 3717 706 3772 dia.

662 3809 911 3866 Tertium
947 3810 1306 3867 dicendorum
1359 3809 1465 3867 l'uit
1508 3809 1732 3866 dilectio
1789 3808 1907 3874 Dei,
1957 3808 2011 3863 in
2069 3822 2175 3878 qua

593 3903 773 3958 onmis
801 3905 1020 3960 virtutis
1046 3914 1132 3959 est
1153 3905 1570 3960 consummatio.
1606 3903 1760 3960 Unde
1785 3903 1985 3960 volenti
2008 3905 2176 3957 vitant

596 4005 860 4052 aternam
894 3996 1194 4067 possidere,
1228 3997 1463 4067 primum
1517 3997 1831 4052 mandatum
1873 3994 2179 4051 dilectionis

597 4091 934 4146 insinuatum
963 4099 1048 4146 est
1073 4104 1106 4144 a
1138 4090 1390 4156 Domino,
1420 4105 1542 4145 cum
1573 4090 1738 4145 dixit:
1769 4089 1968 4158 Diliges
1998 4088 2178 4143 notiti-

594 4196 726 4239 num
764 4182 934 4238 Deum
961 4194 1110 4240 tuum
1149 4198 1215 4238 ex
1262 4192 1377 4239 toto
1413 4183 1578 4237 corde
1619 4191 1731 4246 tno,
1769 4193 1825 4236 et
1862 4190 1971 4237 tota
1999 4183 2177 4236 anima

543 4289 553 4305 ·
594 4282 714 4341 tua,
748 4281 861 4329 tota
899 4277 1103 4330 virtute
1135 4285 1252 4341 tua,
1281 4284 1340 4330 et
1370 4284 1483 4330 tota
1530 4281 1714 4328 mente
1743 4283 1833 4327 tua
1861 4272 2046 4344 (Dent.
2076 4275 2177 4335 vt).

594 4364 726 4422 Rae
756 4365 934 4436 inquit
960 4367 1247 4434 Dominus,
1274 4366 1360 4422 sae
1414 4375 1472 4421 et
1513 4366 1665 4418 vives
1713 4362 1868 4434 (Luc.
1919 4363 1998 4434 x).
2045 4361 2180 4419 vide

570 4452 871 4535 *ffl'omodo
900 4461 954 4517 in
984 4461 1071 4517 his
1099 4461 1234 4526 vita,
1263 4475 1382 4525 cor,
1404 4460 1606 4524 anima,
1638 4458 1833 4522 virtus,
1865 4471 2021 4512 mens
2044 4471 2183 4526 qua·

2278 3352 2428 3413 ptum
2461 3346 2662 3414 pariat,
2694 3347 2777 3403 vel
2801 3349 3133 3416 prurientem
3158 3349 3533 3419 indignatione
3569 3354 3818 3410 auditum
3839 3369 3859 3410 ε

2278 3437 2549 3507 siquidem
2575 3439 2779 3493 scrinia
2804 3442 3236 3512 contemptibilia
3268 3443 3587 3498 thesaurum
3611 3446 3862 3514 quando·-

2277 3542 2384 3597 qne
2412 3529 2720 3597 preciosum
2745 3531 3051 3596 continent,
3081 3542 3135 3586 et
3163 3546 3296 3587 vasa
3325 3532 3509 3588 lictilia
3536 3533 3692 3589 cibos
3720 3534 3864 3591 delt-

2278 3632 2455 3684 catos,
2499 3629 2554 3673 et
2601 3635 2786 3677 sermo
2835 3621 3229 3693 incompositus
3270 3626 3437 3679 multa
3478 3624 3865 3683 aedificationi·

2279 3716 2553 3774 suavitate
2586 3727 2643 3774 et
2667 3718 2898 3789 spiritali
2944 3722 3233 3779 duleedine
3270 3726 3596 3793 quandoque
3619 3723 3865 3794 repletae

2280 3818 2385 3865 est.
2416 3808 2522 3865 Sed
2560 3826 2739 3881 neque
2771 3813 3137 3883 praemiatoris
3167 3815 3363 3870 summi
3392 3815 3647 3869 donativa
3679 3821 3871 3886 potest

2280 3903 2527 3957 minuere
2556 3902 2804 3960 desectus
2830 3904 3057 3975 eloquii,
3093 3906 3137 3961 si
3170 3922 3274 3962 non
3303 3907 3374 3962 sit
3406 3906 3460 3960 in
3492 3907 3684 3963 affectu
3725 3922 3863 3978 syn·-

2281 4010 2422 4053 eerae
2445 3997 2743 4054 voluntatis
2762 3998 3029 4064 derectus,
3054 4000 3143 4069 qui
3170 4000 3331 4054 trium
3367 4015 3645 4071 magorum
3672 4014 3863 4071 parem

2281 4089 2627 4145 devotionem
2658 4090 2777 4160 pari
2808 4093 3090 4146 coronavit
3129 4091 3369 4159 praemio,
3394 4106 3519 4146 cum
3548 4103 3725 4146 tamen
3750 4106 3867 4144 mu-

2282 4196 2416 4236 nera
2442 4194 2564 4249 qum
2600 4180 2915 4236 obtulerunt
2943 4179 3193 4237 videlicet
3228 4195 3449 4245 aurum,
3476 4181 3602 4236 tlms
3629 4191 3683 4236 et
3720 4195 3871 4251 myr-

2283 4276 2440 4331 rham
2459 4272 2742 4344 inaequalis
2758 4281 2943 4328 essent
2963 4273 3357 4340 aestimationis,
3379 4283 3435 4329 et
3457 4274 3512 4328 in
3543 4275 3629 4331 liis
3644 4277 3865 4345 quidem

2284 4366 2601 4422 muneribus
2649 4364 2696 4420 si
2738 4364 2996 4435 loquendi
3037 4379 3317 4420 sumamus
3348 4365 3587 4430 initium,
3634 4366 3864 4421 multam

2286 4458 2444 4516 nobis
2465 4457 2714 4529 praebent
2740 4459 3026 4514 materiam
3058 4457 3276 4512 laxandi
3318 4458 3451 4511 retia
3483 4457 3536 4512 in
3558 4467 3867 4528 capturam,

539 4561 551 4569 ·
570 4548 729 4631 T'tutin
747 4561 913 4609 sunta
943 4551 1010 4608 Et
1037 4555 1202 4609 corde
1229 4553 1448 4621 quidem
1471 4551 1539 4605 de
1562 4549 1800 4620 peccatis
1820 4547 2177 4612 conterimur,
2209 4571 2257 4626 D
2284 4566 2351 4608 eo
2368 4553 2511 4623 quod
2538 4549 2696 4620 plena
2736 4549 2847 4605 sint
2868 4550 3142 4621 mysteriis
3168 4550 3388 4605 diviniS.
3418 4547 3551 4603 Nam
3579 4565 3715 4605 auro
3744 4565 3867 4615 rex,

596 4642 1191 4708 aalma'vivilicamur,
1222 4644 1425 4700 virtute
1453 4655 1802 4708 exercemur,
1850 4648 2032 4696 niente
2061 4653 2181 4695 sur·

576 4738 721 4797 'uh
744 4736 1047 4795 etur-mu.
1069 4732 1141 4793 Et
1179 4737 1273 4808 qul
1307 4746 1420 4792 tnto
1455 4735 1620 4789 corde
1656 4733 1826 4788 Deum
1857 4732 2053 4800 diligit,
2087 4729 2180 4800 qui

596 4824 974 4887 omnicordis
1012 4829 1210 4886 affectu
1259 4835 1483 4899 peccata
1540 4840 1636 4882 sua
1687 4823 1850 4880 deflet
1890 4838 1948 4879 et
1980 4823 2182 4893 plangit

600 4920 739 4981 nlldl
754 4920 1140 4979 inconcussum
1178 4923 1480 4978 secuudum
1526 4920 1808 4991 prophetae
1849 4916 2179 4973 eonsilium:

596 5012 829 5074 made
840 5017 981 5073 sicut
995 5030 1190 5087 aquam
1213 5030 1310 5072 cor
1335 5025 1486 5070 tuum
1502 5028 1689 5069 coram
1715 5013 1941 5069 Domino
1960 5010 2181 5084 (Tm-en.

599 5109 709 5183 ιιι).
740 5108 897 5166 Sient
925 5111 1068 5165 euim
1098 5124 1241 5181 aqua
1273 5125 1394 5166 cum
1421 5108 1745 5174 effunditur,
1774 5106 1908 5161 nillil
1936 5113 2179 5162 remanet

598 5202 655 5260 in
690 5215 842 5266 vase,
874 5202 956 5260 sie
981 5201 1075 5257 ubi
1111 5216 1238 5258 vera
1272 5201 1553 5266 contritio,
1591 5199 1728 5255 nibil
1759 5212 2046 5254 remanere
2087 5198 2184 5252 de·

597 5298 692 5354 bet
738 5297 792 5351 in
829 5293 1047 5352 occulto
1089 5294 1462 5351 conscientiae.
1515 5292 1783 5350 Similiter
1823 5299 1934 5349 tota
1982 5292 2185 5348 virtute

596 5390 769 5445 Deum
810 5389 1010 5458 diligit,
1037 5389 1130 5457 qui
1163 5388 1292 5443 totis
1318 5387 1534 5443 ¹viributt
1570 5387 1731 5442 bonis
1758 5385 2016 5457 operibus
2047 5384 2181 5440 insi·

594 5483 710 5547 stit.
734 5497 843 5539 non
869 5481 1204 5554 improvidus
1225 5479 1550 5546 inchoando,
1581 5494 1689 5534 non
1719 5477 1931 5550 tepidus
1951 5478 2183 5549 agendo,

599 5591 710 5632 non
739 5576 1025 5649 negligens
1063 5574 1395 5639 omittendo,
1422 5585 1492 5628 ne
1516 5572 1660 5628 sorte
1694 5570 1827 5635 cunt
1840 5571 2049 5645 aptum
2093 5571 2182 5626 in-

597 5668 902 5736 choaverit,
955 5683 1125 5725 carne
1158 5674 1596 5724 consummatur.
1644 5660 1743 5722 Ex
1755 5656 2033 5751 &elluin—
2042 5672 2184 5734 per·

598 5774 733 5818 sona
758 5760 995 5818 dieitur·
1024 5761 1338 5817 Ascendunt
1365 5770 1540 5830 usque
1566 5754 1647 5813 ad
1674 5736 1929 5825 colffl
1952 5740 2183 5841 ᾠκει-

580 5855 735 5921 dant
771 5867 945 5926 nsque
973 5853 1042 5914 ad
1070 5857 1320 5927 abyssos.
1351 5852 1488 5912 Tota
1527 5846 1713 5911 ment‘e
1756 5848 1961 5937 θωμι-
1980 5830 2178 5922 diligit,

2286 4645 2445 4702 tlmre
2495 4641 2665 4708 Deus,
2709 4642 2933 4713 myrrha
2986 4643 3147 4696 homo
3185 4640 3454 4705 mortalis,
3498 4641 3616 4708 ipse
3657 4639 3753 4708 qui
3797 4642 3870 4697 de

2285 4735 2509 4806 Virgine
2538 4743 2698 4790 natus
2723 4743 2810 4790 est
2845 4733 3097 4788 Christus
3124 4729 3304 4798 Jcsus,
3344 4733 3573 4801 mystice
3609 4733 3872 4803 designa-

2287 4836 2397 4885 tur.
2428 4827 2649 4883 intuere
2676 4827 2862 4892 modo,
2886 4825 3305 4890 oanima,tuum
3331 4824 3868 4893 salvatorem,quam

2285 4916 2533 4973 sublimis
2561 4924 2669 4982 est,
2692 4930 2854 4986 quam
2886 4913 3128 4980 tinnulis,
3157 4915 3274 4984 qui,
3308 4915 3361 4968 in
3400 4929 3461 4969 se
3490 4930 3584 4970 τοι
3618 4913 3870 4982 otitnipo·

2266 5001 2408 5065 tens
2432 5019 2490 5065 et
2515 5008 2659 5065 Deus
2685 5017 2945 5075 aeternus,
2973 5021 3073 5078 pro
3091 5018 3144 5062 te
3166 5008 3325 5062 bomo
3353 5006 3602 5062 mortalis
3632 5005 3751 5060 lieri
3781 5006 3866 5061 di·

2285 5114 2483 5178 gnatus
2511 5112 2616 5160 est.
2646 5103 2810 5160 Certe
2835 5104 2881 5158 si
2914 5101 3213 5173 purincatae
3233 5101 3433 5155 mentis
3457 5100 3618 5156 oculo
3645 5102 3782 5157 vetis
3797 5102 3869 5156 ad

2288 5200 2464 5269 ipsum
2512 5197 2812 5266 respicere,
2843 5193 3056 5248 videbis
3095 5193 3355 5264 quoniam
3398 5193 3451 5246 in
3476 5206 3543 5248 eo
3572 5193 3717 5263 quod
3747 5207 3869 5256 rex,

2286 5290 2530 5345 minatur
2557 5296 2615 5344 et
2642 5286 2880 5357 percutit
2910 5301 2927 5342 t
2958 5284 3015 5340 in
3049 5301 3114 5340 eu
3142 5285 3286 5353 quau
3326 5281 3490 5345 lienis,
3519 5285 3783 5351 justificat
3815 5297 3871 5337 et

2286 5392 2546 5437 coronat:
2570 5381 2624 5435 in
2654 5395 2722 5435 eo
2748 5378 2892 5448 quod
2927 5377 3194 5437 mortni-s.
3234 5381 3494 5433 arluinum
3523 5385 3579 5429 tal
3621 5377 3871 5429 instruti-

2288 5475 2370 5532 Tu
2409 5489 2630 5546 quoque
2659 5475 2828 5530 redde
2877 5487 2999 5544 quae
3028 5481 3154 5526 sunt.
3194 5473 3430 5525 huminis
3468 5469 3699 5537 ltntnini.
3751 5481 3875 5537 tutas

2283 5577 2414 5624 sant
2435 5566 2670 5624 Caesaris
2697 5565 2917 5628 Caesari,
2939 5575 2995 5621 et
3020 5577 3142 5634 quae
3174 5573 3302 5617 nutant
3322 5561 3418 5617 Dei
3450 5565 3559 5617 nea
3583 5577 3599 5630 ς
3627 5561 3731 5625 line
3759 5565 3871 5625 est..

2289 5660 2404 5733 regi
2431 5661 2681 5716 timorem
2709 5667 2767 5714 et
2786 5656 3082 5728 spiritalem
3114 5658 3382 5722 militiam.
3410 5658 3523 5710 [len
3543 5662 3871 5710 attturffl‘tt-ei

2296 5752 2729 5817 venerationem,
2753 5750 2963 5808 bomini
3004 5765 3134 5807 vern
3178 5752 3414 5814 titur-tali.
3446 5750 3539 5818 qui
3571 5754 3795 5818 [uruntur
3819 5752 3875 5802 le

2291 5857 2523 5909 mortem
2563 5845 2801 5920 experiri
2847 5845 3042 5913 voluit,
3082 5846 3290 5922 gratias
3330 5854 3386 5902 et
3418 5834 3879 5902 redhibitionem*
