4425 6450
283 485 352 545 tosa

919 471 1023 531 i’E'llU
1044 469 1279 529 stenattsnsts

1850 463 1929 523 toto

282 602 311 656 tn
330 601 385 657 teto
397 610 484 658 caeco,
504 592 568 663 quia
587 589 717 654 coctros;
740 604 804 661 ergo
818 591 869 647 istc
882 603 968 645 cacus
980 598 1021 643 est
1034 587 1076 643 in·
1090 612 1115 670 Α
1130 602 1197 659 ergo
1219 601 1272 642 non
1297 591 1356 639 erat
1368 582 1393 640 ci
1408 580 1607 653 imputantium.
1624 581 1665 637 tto
1679 579 1750 652 quot
1773 579 1928 637 clicerulum

282 688 433 748 sensibilis.
450 683 500 740 Vel
515 683 557 740 sic
574 699 582 736 ι
600 680 749 753 Virginitas
763 682 817 737 orit
839 682 865 736 in
888 681 941 736 istu
960 680 1075 751 quierit

282 782 428 840 continens
449 776 492 833 rel
517 774 709 845 conjungatus,
738 788 802 843 ergo
829 773 880 831 iste
906 774 960 828 erit
987 773 1073 842 uirgo.

281 871 365 928 Pauci
382 877 473 926 autem
488 867 532 923 rel
546 866 613 921 nulli
629 864 764 935 recipiunt
779 864 850 919 hanc
862 879 869 919 ε
883 862 1004 920 Potestas
1016 879 1075 932 pec·

283 962 426 1018 condierit
446 960 474 1015 in
500 960 550 1014 ieto
575 966 636 1029 poet
662 956 899 1026 confirmationem,
927 954 996 1009 sieut
1025 967 1076 1009 nee

282 1054 365 1110 istem
381 1068 389 1106 ι
405 1050 527 1105 Potestne
549 1045 691 1117 generandi
715 1054 753 1100 ert
769 1045 797 1099 in
818 1042 905 1107 Filio,
920 1042 985 1097 licct
1000 1050 1076 1095 utra·

280 1158 336 1213 que
353 1156 419 1199 sane
437 1141 550 1197 concedi
561 1138 646 1211 possit
660 1137 682 1193 si
698 1150 764 1192 sane
779 1134 955 1205 intelligatur.
971 1131 999 1188 Si
1013 1130 1075 1203 quis

280 1243 373 1288 autem
391 1230 490 1287 melius
501 1226 596 1294 solvit,
613 1225 686 1282 altsit
701 1234 731 1279 ut
747 1241 800 1281 non
815 1225 867 1280 sim
890 1222 1010 1296 paratior
1027 1235 1075 1276 au·

278 1324 341 1380 tiire
355 1337 438 1393 quem
453 1320 563 1378 docere.

315 1415 385 1470 lllutl
398 1423 489 1469 tamen
503 1418 612 1467 nonest
636 1408 911 1481 praetermittentium,
937 1408 1010 1478 qtrod
1026 1424 1075 1480 po-

283 1511 366 1568 tentia
378 1505 509 1578 peccandi
524 1506 688 1577 quandoque
707 1502 844 1573 signiiicat
856 1501 1007 1572 potentiam
1027 1516 1076 1556 na·

283 1599 398 1656 turalem
427 1612 489 1669 quae
516 1604 558 1652 est
584 1593 699 1649 liberum
723 1592 878 1658 arbitrium,
908 1591 1076 1663 quandoque

280 1695 453 1752 habilitatem
470 1690 683 1763 adpeecandum
697 1686 777 1759 175
790 1703 850 1760 que
860 1698 901 1743 est
915 1702 948 1743 ex
960 1703 1003 1755 en,
1015 1703 1076 1759 qttse

278 1797 364 1846 aucta
378 1795 422 1844 est
436 1799 486 1858 per
505 1791 660 1855 peceatum,
682 1782 752 1837 siout
769 1780 886 1837 facultas
901 1780 1000 1837 elicitur
1016 1782 1074 1852 ipsa

282 1895 338 1946 ars,
355 1886 385 1934 et
396 1876 514 1934 facultas
526 1874 628 1932 dicitur
642 1874 768 1945 aptitudo
783 1887 866 1944 quam
883 1873 1016 1930 trahimus
1040 1891 1073 1932 er

282 1987 326 2028 ea.
340 1970 417 2027 Unde
432 1969 533 2025 dieitur
548 1966 664 2021 incultas
676 1980 710 2020 ex
725 1974 786 2021 arte
798 1966 931 2037 prolecta.

316 2059 359 2114 act
373 2058 400 2113 id
416 2067 507 2114 autem
533 2056 605 2125 quoti
620 2056 746 2126 superius
768 2056 871 2112 dictum
886 2068 938 2125 est,
951 2059 1022 2128 quoti
1044 2060 1070 2116 iu

282 2149 405 2205 seeundo
419 2156 493 2205 statu
505 2146 583 2201 liberi
597 2144 705 2201 arbitrii
720 2160 773 2202 non
798 2151 905 2217 poterat
925 2149 1005 2206 itomo
1018 2165 1072 2206 raon

278 2256 398 2311 ,peccare
419 2239 594 2306 mortaliter,
621 2238 771 2309 objicitur:
789 2239 865 2295 Tunc
893 2255 946 2295 non
967 2249 1074 2311 poterat

285 2347 339 2389 non
355 2330 649 2401 peccaremortatitcr,
663 2345 729 2401 orgo
747 2340 812 2387 tunc
826 2346 881 2386 non
897 2342 958 2386 oret
976 2330 1073 2388 libera

283 2422 451 2479 necessitate
476 2439 483 2475 ε
511 2422 559 2477 sed
585 2420 705 2477 diximus
730 2423 872 2493 superius,
898 2423 970 2493 qrtotl
987 2424 1076 2479 omnis

285 2514 369 2570 ltomo
381 2512 456 2569 omni
472 2521 594 2582 temporo
612 2512 681 2569 liber
701 2524 745 2570 est
763 2531 779 2569 a
801 2514 976 2570 necessitate.
998 2514 1076 2583 item,

1129 679 1200 749 quod
1217 677 1280 733 licet
1297 691 1350 731 non
1367 685 1459 746 posset
1479 689 1533 731 nnn
1555 687 1671 743 peccare
1695 672 1868 739 mortaliter,
1887 682 1931 730 te·

1130 782 1191 824 rnen
1208 768 1278 823 liber
1293 776 1355 821 erat
1374 781 1389 821 a
1407 766 1583 832 necessitate,
1600 773 1627 820 et
1649 774 1710 819 erat
1735 762 1760 819 ei
1781 765 1930 835 imputan-

1128 861 1204 928 dum,
1217 861 1346 929 quoniam
1364 859 1446 915 homo
1462 858 1582 927 seipsum
1604 856 1740 927 ligaverat
1753 870 1805 925 per
1822 870 1931 925 pecca·

1130 963 1196 1019 tum,
1212 954 1284 1009 sicut
1303 952 1403 1024 aliquis
1421 950 1467 1022 qui
1491 950 1566 1006 radit
1591 948 1805 1014 nomannorum
1831 958 1880 1005 est
1900 949 1928 1004 io

1129 1046 1241 1111 itinere,
1256 1060 1286 1101 se
1298 1045 1419 1117 propriis
1432 1041 1559 1098 manibus
1583 1040 1696 1097 insolvit
1711 1048 1739 1095 et
1753 1039 1822 1111 ligat
1849 1040 1929 1111 quod

1127 1142 1210 1211 perles
1225 1153 1336 1195 monere
1350 1152 1405 1193 uon
1421 1144 1533 1207 potest:
1549 1149 1613 1192 ecce
1637 1149 1691 1188 non
1712 1141 1804 1202 potest
1824 1133 1885 1200 ire,
1902 1145 1929 1190 et

1129 1240 1220 1288 tamen
1246 1230 1317 1286 lilter
1345 1238 1387 1284 est
1407 1243 1421 1282 a
1441 1226 1614 1283 necessitate.
1630 1224 1698 1280 llam
1724 1225 1747 1280 si
1775 1224 1841 1295 quis
1861 1240 1928 1281 eum

1127 1324 1255 1389 solueret,
1273 1324 1314 1379 ire
1329 1332 1436 1392 posset3
1451 1329 1479 1377 ct
1494 1319 1569 1390 quod
1587 1333 1641 1374 rroo
1666 1319 1741 1374 uatiit
1761 1328 1805 1373 est
1828 1318 1856 1373 ei
1876 1318 1928 1371 im-

1127 1417 1290 1486 putandum,
1319 1414 1448 1487 quoniam
1477 1412 1593 1483 ipsemet
1619 1427 1648 1467 so
1678 1411 1785 1483 ligarit.
1816 1411 1926 1467 Eadem

1127 1509 1209 1565 modo
1225 1509 1251 1564 in
1266 1516 1339 1563 statu
1365 1506 1412 1562 illo
1427 1521 1481 1563 non
1496 1516 1603 1578 poterat
1625 1506 1707 1561 homo
1727 1520 1782 1561 non
1804 1519 1927 1576 peccare

1128 1597 1291 1664 mortaliter,
1312 1606 1449 1653 ettamen
1474 1597 1543 1652 liner
1567 1607 1627 1653 erat
1651 1611 1666 1651 a
1686 1596 1873 1662 necessitate,
1898 1606 1928 1654 et

1128 1698 1189 1744 orat
1211 1689 1236 1743 oi
1253 1689 1454 1758 imputantium,
1475 1688 1606 1759 quioniam
1628 1688 1749 1757 seipsum
1772 1686 1926 1759 ligaverat,

1128 1796 1178 1836 nec
1192 1790 1300 1851 poterat
1315 1780 1396 1846 solui,
1409 1781 1461 1836 nisi
1477 1780 1567 1851 gratia
1578 1780 1626 1835 liei
1639 1789 1774 1851 operante
1785 1790 1814 1836 et
1825 1795 1926 1851 ooope-

1129 1883 1217 1928 rante.
1233 1872 1311 1941 Qttoti
1327 1882 1418 1928 antem
1435 1873 1560 1942 superius
1577 1872 1681 1928 tiietum
1704 1880 1746 1928 est
1762 1871 1876 1928 :Homo
1897 1874 1926 1929 ie

1089 1967 1112 2022 B
1126 1967 1171 2022 iiio
1183 1978 1254 2022 statu
1267 1965 1382 2021 nolebat
1398 1965 1510 2020 lilerum
1522 1967 1664 2021 urlitrium
1674 1984 1683 2032 ,·
1695 1983 1758 2038 ergo
1769 1978 1836 2022 turre
1853 1985 1926 2039 reque

1126 2074 1154 2111 ee
1164 2056 1276 2111 itnleint
1287 2056 1322 2110 uel
1334 2055 1429 2110 ionum
1438 2059 1505 2111 sieut
1517 2059 1552 2111 od
1563 2058 1673 2125 malum,
1682 2072 1736 2113 non
1749 2068 1923 2116 ostreatum:

1127 2151 1201 2208 siout
1210 2149 1317 2207 lleuset
1327 2150 1410 2205 ctiam
1419 2152 1507 2222 angeli
1520 2151 1622 2208 habent
1634 2154 1750 2209 liberum
1760 2155 1923 2223 arbitrium,

1129 2257 1182 2296 non
1196 2250 1285 2296 tamen
1297 2255 1373 2309 aeqne
1385 2254 1414 2295 se
1429 2239 1531 2296 lrabeat
1554 2243 1589 2297 ati
1608 2241 1711 2297 malum
1725 2242 1801 2299 siout
1827 2246 1863 2298 ati
1877 2243 1923 2299 lto

1129 2351 1204 2401 nurrr,
1224 2336 1289 2391 licet
1305 2336 1387 2390 aliter
1401 2336 1509 2391 dicatur
1530 2333 1647 2391 liberum
1662 2334 1811 2390 arbitrium
1824 2349 1886 2390 esse
1896 2335 1922 2389 in

1130 2428 1186 2485 Deo
1209 2427 1251 2483 rel
1280 2428 1306 2483 in
1333 2427 1448 2499 angelis,
1476 2434 1504 2483 ct
1520 2426 1602 2484 aliter
1617 2427 1644 2483 in
1662 2426 1837 2497 hominihus,
1853 2428 1924 2484 sicut

1130 2534 1211 2590 supra
1227 2520 1331 2575 dietum
1347 2527 1400 2573 est.

281 2604 365 2661 homo
399 2616 462 2662 tune
490 2619 543 2661 non
567 2614 675 2674 poterat
699 2620 752 2660 non
775 2618 889 2675 peccare
911 2606 1074 2671 mortaliter,

686 2826 889 2900 totctstttttn
909 2833 1014 2895 ttnttt
1035 2834 1171 2896 TERTii
1193 2832 1511 2897 ntsrtncttottes.

318 3082 390 3149 puto
404 3083 438 3139 sit
451 3083 545 3143 uictus,
557 3081 621 3153 quid
635 3081 722 3150 gratio
742 3094 864 3149 operans,
876 3090 900 3133 et
918 3080 982 3159 quial
1000 3080 1089 3147 pretia
1104 3078 1270 3149 cooperans!

319 3152 389 3217 Quot
401 3162 560 3208 concurrant
574 3151 608 3204 oti
615 3150 836 3220 justificationem
852 3150 938 3218 inopie,
956 3159 979 3201 et
991 3164 1026 3202 ou
1040 3149 1154 3218 primone
1167 3148 1282 3217 pretinm
1296 3149 1467 3202 ntereomuri

320 3219 415 3278 Utrum
431 3223 517 3295 primo
532 3222 620 3292 pratia
633 3236 781 3274 mereamur
792 3218 804 3272 i
815 3216 837 3273 U
841 3219 866 3271 li
876 3219 1016 3288 queritur,
1032 3236 1067 3272 ern
1078 3220 1163 3273 uirtus
1176 3217 1211 3272 eit
1229 3218 1323 3273 melior
1342 3234 1421 3287 punm
1440 3235 1506 3288 opus
1525 3216 1647 3275 oirttttt'ei

321 3289 418 3345 Utrum
433 3307 581 3346 mereamur
594 3300 694 3344 motum
708 3292 753 3358 qui
766 3297 804 3344 est
824 3304 856 3342 es
875 3289 964 3358 gratio
974 3297 1000 3342 et
1013 3288 1096 3343 ttoerc
1109 3288 1220 3343 arbitrio
1232 3288 1270 3341 uel
1282 3303 1313 3340 eo
1326 3290 1496 3343 mereamur?

318 3362 361 3415 An
376 3360 463 3430 ntojor
473 3361 597 3414 contritio
610 3363 732 3429 exigetur
744 3361 778 3413 eti
791 3359 946 3413 deletionem
969 3359 1092 3413 ntortolt'e
1105 3374 1185 3429 nuum
1198 3357 1308 3411 oeniolt'r
1321 3357 1443 3425 peccati?

319 3427 350 3483 Si
363 3432 422 3502 puis
433 3431 515 3501 possit
528 3430 630 3484 conteri
641 3444 673 3482 en
684 3429 814 3482 elrnritate
827 3429 860 3481 tie
872 3443 923 3481 uuo
939 3438 1057 3496 peccato,
1072 3437 1097 3482 et
1110 3445 1161 3482 non
1180 3429 1212 3481 de
1227 3425 1281 3480 olio
1293 3427 1369 3495 cujus
1379 3436 1418 3481 ιιι
1433 3431 1516 3485 reuct

321 3497 417 3556 Utrum

319 3568 416 3624 Utrum

283 3712 387 3765 atteror

457 3514 486 3552 ro
497 3498 595 3568 mojori
611 3506 718 3568 peccato
734 3498 818 3568 inopie
832 3507 970 3552 teneamur
981 3498 1080 3551 conteri
1092 3514 1172 3569 quom
1187 3513 1234 3565 pro
1248 3499 1365 3553 ntinori?

434 3516 503 3623 Uene
519 3569 649 3622 nominem
663 3569 740 3632 potnit
751 3577 982 3639 gunettumcunpue
995 3568 1089 3623 teneruit
1104 3569 1194 3638 puttiri
1206 3583 1255 3635 pro
1266 3575 1383 3634 peceato,
1395 3578 1419 3622 et
1433 3567 1472 3622 ito
1483 3570 1708 3626 misericorditer?

319 3644 360 3694 Aa
388 3641 501 3693 auorum
527 3639 572 3724 qui
596 3639 745 3707 partiuntur
767 3640 826 3708 peti
851 3653 928 3708 proenu
961 3647 1079 3704 oeterno,

1106 3647 1130 3692 et
1152 3645 1280 3708 pretereo
1304 3636 1389 3692 ultera
1423 3640 1579 3711 temporali,
1603 3640 1662 3712 plue
1685 3641 1816 3712 punietur
1844 3658 1921 3699 ιιιιιιι

320 3778 414 3835 Utrum
427 3797 475 3851 pro
489 3788 595 3849 pcceuto
613 3777 711 3833 eeuioli
721 3779 815 3849 puniat
831 3777 903 3834 Deua
918 3777 1103 3833 oe'ernuliteri

320 3847 416 3904 Utrum
433 3850 557 3905 contritio
568 3849 655 3903 deleat
670 3859 816 3918 peccatura,
830 3849 937 3922 quondo
949 3849 1026 3902 ltumo
1041 3850 1187 3903 coartentur
1197 3857 1244 3903 out
1257 3861 1329 3913 onte,
1347 3859 1394 3904 out
1406 3849 1488 3921 poeti

319 3917 415 3974 Utrum
426 3931 533 3987 peccato
547 3921 654 3973 redeunt
665 3935 712 3988 per
729 3933 809 3973 utrum
821 3919 978 3990 peccatum?

320 3989 401 4112 We
413 3989 506 4044 Utrum
520 3990 648 4058 rotrseesio
660 3990 692 4070 eit
707 4002 848 4062 precepto,
864 4000 888 4044 et
904 3989 980 4058 cujtte
994 3989 1031 4041 rei
1044 3989 1078 4041 sit
1093 3991 1310 4044 sacramentum?

345 4073 415 4114 trum
428 4059 526 4131 pluries
536 4060 618 4128 possit
635 4075 694 4131 puts
707 4063 798 4113 eodem
807 4068 915 4128 peceato
928 4057 1071 4127 confiteri?

318 4127 414 4185 Utrum
429 4130 521 4183 cleleot

320 4199 391 4262 Quin
401 4200 516 4253 tlt'ntt'ttnt

319 4267 415 4323 Utrum
426 4270 471 4337 qui
482 4270 559 4321 itulet
580 4285 659 4322 unum
672 4269 805 4333 uirtutem,
820 4270 915 4323 lanient
929 4267 1038 4320 antaee?

532 4130 591 4252 Um
602 4128 723 4195 confiteri
740 4140 876 4196 pecentino
888 4128 959 4197 parad
972 4144 1024 4182 uon
1038 4126 1123 4196 fecit?

555 4214 600 4253 eus
612 4201 639 4253 in
655 4200 830 4268 curtseesioue,
843 4200 906 4270 quid
917 4199 1052 4261 sacerdus,
1067 4199 1131 4268 quiet
1149 4199 1291 4269 priuatus!

320 4333 415 4391 Utrum
427 4337 530 4391 seruilis
545 4338 624 4389 timor
635 4339 668 4390 rit
681 4339 771 4401 uirtus,
786 4347 811 4391 et
827 4342 859 4392 ae
872 4338 982 4391 annexis
994 4336 1054 4390 nuic
1069 4341 1211 4408 quaestioni
1223 4343 1237 4394 i

318 4404 360 4460 Aa
372 4405 483 4461 initialis
496 4405 576 4459 timor
590 4408 622 4458 eit
637 4407 743 4461 uirtuti
755 4419 779 4460 et
794 4408 896 4462 aeoliis
908 4409 943 4461 orl
958 4409 1007 4461 lroe
1020 4406 1106 4472 iprum
1118 4412 1308 4479 pertinentibus

317 4477 359 4529 An
370 4477 479 4533 uirtutes
491 4477 644 4529 ecciderunt
661 4477 687 4529 in
698 4477 806 4545 patriai
819 4479 857 4533 Ue
870 4479 933 4547 poe,
949 4479 982 4533 tle
996 4492 1053 4545 epe,
1070 4478 1103 4531 tle
1113 4479 1253 4548 etruritote,
1267 4494 1290 4539 et
1307 4484 1381 4553 prius
1394 4484 1427 4540 tle
1438 4485 1519 4540 morlo
1533 4494 1558 4541 ιι
1576 4488 1681 4545 ordinm

317 4546 356 4600 Ue
369 4545 485 4618 paritate
499 4556 523 4600 ιι
539 4546 689 4613 imperitate
703 4548 855 4603 claritatis.

319 4617 358 4670 Ue
371 4616 530 4688 perfectione
541 4626 564 4670 et
580 4615 778 4686 imperfectione
791 4618 943 4673 claritatis.

316 4688 357 4740 Aa
369 4688 484 4743 charitas
497 4689 578 4740 censet
590 4685 681 4739 ltuiito
692 4690 892 4755 poenitemini?

316 4759 358 4810 An
371 4757 508 4826 uirginitas
521 4758 554 4811 sit
570 4758 663 4823 uirtus,
678 4768 703 4813 et
715 4757 889 4813 nuntientur
902 4761 934 4813 ui
948 4760 1019 4814 omtri
1033 4758 1079 4829 put
1095 4759 1172 4815 leniet
1185 4777 1267 4816 unum
1279 4764 1423 4820 virtutensi

319 4829 386 4889 Quae
399 4836 508 4894 poterint
525 4825 603 4896 onjiri
620 4827 768 4883 dicentibus
782 4828 921 4883 noletrtem
939 4846 1019 4884 unum
1033 4832 1156 4884 uirtutem
1170 4833 1267 4887 ualere
1281 4835 1387 4890 amnesi

321 4892 418 4948 Utrum
435 4896 541 4950 uirtutes
552 4913 579 4950 ιιι
596 4913 749 4969 quoeunque
760 4908 834 4966 eunt,
847 4901 898 4953 siut
911 4899 1011 4970 pareri

857 5181 1037 5273 LIBER
1066 5181 1344 5276 TERTIUS.

286 5354 1913 5387 m

538 5476 652 5534 CAPUT
670 5476 815 5534 enttttJtt.

282 5568 352 5634 punt
366 5569 399 5624 eit
415 5579 509 5634 uirtus,
528 5571 591 5640 quial
615 5573 844 5696 ιιὲιιιιινιριιιιι,
864 5583 888 5627 et
902 5574 965 5644 quid
977 5591 1069 5645 coope-

317 5730 373 5800 (65)
392 5730 425 5785 Ut
439 5746 520 5800 supra
539 5732 667 5798 tlixintus,
692 5732 727 5787 alt
748 5735 802 5788 isto
814 5743 886 5789 statu
900 5737 926 5791 in
941 5754 995 5807 quo
1014 5754 1066 5795 nott

278 5827 370 5889 potest
395 5819 477 5873 horno
496 5835 550 5874 uun
574 5835 688 5890 peecare
714 5822 877 5891 mortaliter,
904 5839 958 5880 non
977 5836 1067 5895 potest

294 5930 362 6009 pon
374 5932 450 6008 arag.
465 5933 495 6017 s,
511 5934 538 5993 a.
556 5931 593 5990 eo
605 5944 634 5994 cr
647 5935 695 5993 er.

1086 5487 1206 5547 cltonro
1222 5499 1270 5556 per
1291 5498 1322 5540 se
1336 5497 1450 5556 surgere
1467 5482 1570 5554 absque
1593 5482 1680 5556 gratie
1702 5496 1850 5553 operante,
1869 5499 1914 5540 nec

1124 5576 1258 5647 proicere
1272 5578 1375 5647 absque
1389 5577 1477 5647 gratia
1496 5583 1672 5645 cooperante.
1686 5572 1856 5633 Necessaria
1878 5585 1916 5631 est

1122 5684 1188 5739 ergo
1213 5670 1301 5740 gratia
1321 5670 1368 5726 liei
1396 5684 1515 5741 operans
1545 5683 1607 5740 quse
1632 5667 1722 5738 ipsum
1752 5670 1864 5740 erigut,
1891 5679 1916 5725 ct

1123 5777 1272 5829 cooperans
1287 5777 1349 5832 oure
1364 5763 1446 5833 perles
1461 5773 1579 5820 moueat.
1599 5759 1755 5815 virentum
1776 5774 1823 5819 est
1838 5765 1917 5834 igitur

1122 5857 1187 5925 quaid
1201 5857 1237 5912 sit
1247 5856 1334 5927 gratia
1347 5871 1474 5927 operans,
1484 5865 1512 5912 et
1526 5851 1765 5938 cooperamiseti
1781 5856 1915 5927 quianu-
