4425 6450
297 404 347 463 ’111

900 397 1006 453 tonui
1023 395 1169 453 abbatis
1187 395 1369 452 PERSENIAE

1881 394 1933 450 iii

300 542 309 575 r
329 518 399 574 omui
422 518 545 572 numana
570 525 699 570 ereatura
721 522 828 584 propter
852 512 934 566 Deum
958 510 993 582 (1
1015 512 1085 568 Petr.
1102 520 1125 576 Α
1140 528 1244 579 arcam
1258 522 1345 582 parte,
1363 512 1404 564 tit.
1418 510 1532 582 ii,cap.
1546 510 1592 574 it,
1609 506 1667 580 pi:
1680 507 1815 562 haitanda
1827 509 1931 564 beutatn

297 593 339 658 tt).
359 608 369 640 v
387 587 453 641 Ecce
474 589 546 656 virae
561 601 625 706 &aaa
641 585 712 638 omni
734 584 828 652 petenti
853 584 966 651 patriam
991 598 1087 651 propo·
1146 582 1354 651 Virpinenrp'asti
1365 581 1501 649 efficimur,
1517 590 1541 633 et
1555 579 1764 648 ricutseqaeudo
1780 580 1884 648 riroant
1897 579 1932 633 ii·

297 661 370 715 nitur
392 657 532 710 imitantia.
584 656 656 708 ineat
683 655 860 721 unusquisque
884 669 918 704 un
940 652 1001 705 velit
1028 668 1086 705 eam

295 730 414 790 imitari,
440 724 565 794 pusiniam
589 726 615 777 iu
643 726 714 793 virae
741 724 839 790 suroris
862 721 1006 791 anpeitubit
1035 720 1088 775 Do-

295 802 382 852 minus
415 811 459 848 eor
490 794 535 862 qai
569 794 642 847 iiiam
680 792 892 858 carrteutpseriut.
926 791 1087 859 ntrorryurus

297 878 393 921 artetur
420 863 550 931 anitiquus
578 863 605 917 in
633 861 741 917 Corona
766 861 882 929 qrrariam
912 861 997 915 beatae
1024 859 1087 913 Vir·

297 936 380 1006 ginis,
398 949 458 1003 qum
475 942 565 986 exstat
580 934 606 985 iu
623 932 787 986 bibtiotbeca
804 931 933 984 Vaticana
948 928 1084 993 Paiatiuu,

297 1021 372 1057 rnrtu.
386 1003 456 1057 5b05
473 1018 481 1054 z
501 1001 615 1066 Deiera,
635 1002 681 1068 aui
705 1001 783 1069 diane
800 999 909 1067 cupiunt
931 999 1082 1053 ministrare

294 1072 375 1143 205
390 1071 423 1129 Β.
442 1071 555 1140 Virpini,
570 1071 666 1139 ipram,
678 1079 806 1140 quantam
818 1076 938 1136 possunt,
957 1068 984 1120 iu
999 1069 1082 1121 cirtu-

297 1152 367 1195 truur
392 1143 509 1205 imitari,
533 1152 556 1194 et
571 1141 664 1193 saitem
684 1139 791 1206 uionpe
806 1155 912 1194 currere
933 1139 960 1190 in
974 1138 1079 1191 odorent

296 1222 490 1280 unquentorum
503 1210 560 1279 ejus
572 1210 661 1277 (Cam.
678 1211 714 1279 t),
730 1210 792 1277 quia
806 1210 873 1261 aient
888 1208 951 1261 dicit
964 1208 1082 1287 anactori-

294 1292 335 1335 tas
351 1301 360 1339 .·
377 1280 668 1342 teneraetenerae
681 1295 733 1333 nou
749 1279 858 1340 invitari,
877 1277 942 1330 uiirit
955 1277 1029 1329 atrati
1041 1285 1080 1329 est

293 1368 372 1420 qurum
382 1349 543 1404 mendaciter
552 1350 667 1403 tenuiori.
681 1347 710 1402 S.
722 1349 921 1407 britanneutnra,
930 1346 956 1399 iu
967 1345 1081 1414 epistola

293 1419 541 1475 subsannantium
557 1437 564 1476 :
586 1416 619 1472 tu
636 1430 681 1472 tarr
693 1419 796 1472 devotio
811 1417 846 1471 sit
867 1416 900 1472 tt.
919 1414 1022 1484 Virpini
1035 1431 1082 1468 ac·

294 1498 380 1553 cepta,
400 1502 424 1543 et
444 1490 585 1543 reverentia
604 1497 694 1558 arata,
711 1488 793 1554 ipsius
807 1488 948 1555 puritatem
963 1496 987 1537 et
1004 1500 1082 1537 muu-

295 1559 391 1613 ditium
402 1562 472 1612 outru'
487 1559 592 1625 virtute,
601 1569 684 1612 rrteutt
692 1566 715 1610 et
727 1572 836 1622 corpure
847 1555 946 1608 illibate
957 1555 983 1607 iu
994 1554 1081 1621 teipso
1105 1608 1106 1611 ,

292 1624 1083 1691 servando,tatveouatunt'tariritunn'titateetmansuetudine

292 1698 351 1766 eius
362 1698 469 1769 vestiaia
481 1697 592 1751 imitari.
603 1696 632 1751 S.
644 1696 799 1751 Antoninus
811 1694 837 1748 iu
850 1693 961 1748 Suttnna
980 1691 1083 1748 tireolo·

1139 668 1232 719 aneam
1247 664 1315 705 recte
1324 651 1472 712 scribimus,
1484 659 1508 703 et
1520 649 1573 702 atia
1583 650 1704 716 apiarum·
1719 649 1757 700 ita
1767 661 1839 702 reeta
1850 664 1932 713 opera

1139 720 1264 788 iverimus,
1280 720 1410 773 imitantia
1430 720 1537 788 vestiaria
1559 719 1628 788 ejus.
1653 716 1795 771 Mauritius
1808 720 1843 773 tie
1856 718 1929 773 vitta

1139 790 1267 847 Probata,
1293 792 1319 842 in
1338 789 1443 842 Corona
1460 803 1528 842 nova
1552 790 1637 842 beatae
1654 786 1756 848 natira,
1777 802 1862 843 serm.
1890 787 1928 843 9·

1138 861 1206 928 Apes
1218 860 1314 912 itabant
1330 874 1410 911 uuam
1427 857 1609 926 repem,rujus
1624 858 1750 910 tirreatunt
1766 868 1931 927 sequuntur:

1137 932 1176 983 sic
1197 945 1243 981 not
1260 928 1385 997 virqirrem
1398 943 1541 994 sequamur
1558 926 1687 990 Mariam,
1702 938 1726 979 et
1748 928 1823 980 iiiam
1840 928 1930 981 imite-

1135 1016 1205 1053 mur.
1234 998 1365 1065 Derrirpre,
1386 1012 1420 1051 ne
1438 997 1545 1065 longior
1568 996 1631 1061 sim,
1646 995 1931 1060 GuiieirnusParvns,

1139 1070 1166 1123 iu
1184 1083 1245 1132 cap.
1258 1083 1304 1121 rut
1330 1067 1422 1132 Cant,
1432 1068 1546 1135 iorprens
1561 1081 1623 1120 cunr
1637 1065 1758 1119 bct-tesia
1772 1066 1798 1120 iu
1813 1081 1931 1136 persona

1137 1138 1194 1192 Dei:
1204 1136 1273 1191 Beue
1280 1140 1351 1204 priam
1366 1148 1475 1190 matrem
1487 1152 1570 1191 meant
1582 1136 1687 1188 ruituris
1695 1150 1717 1188 et
1727 1136 1931 1191 venerarir.8eti

1136 1224 1198 1277 quta
1213 1224 1240 1260 ru
1251 1208 1397 1260 rnmatione
1409 1216 1479 1260 tatur
1490 1206 1664 1259 venerationis
1684 1216 1721 1259 est
1740 1207 1855 1273 [ructus.
1869 1206 1932 1259 inti·

1136 1289 1192 1331 tare
1216 1293 1294 1347 artum
1317 1277 1458 1330 veneraris.
1480 1276 1594 1331 Sicilie.
1616 1274 1695 1328 Pinra
1709 1286 1800 1328 autern
1814 1276 1848 1331 tte
1869 1276 1931 1329 imi-

1137 1348 1240 1401 tatione
1261 1347 1384 1416 beiparte
1401 1344 1519 1416 Virginis
1546 1346 1631 1400 babes
1656 1344 1726 1414 aprui
1750 1344 1928 1400 Franciscum

1134 1418 1214 1470 Arias
1231 1417 1256 1469 iu
1268 1416 1377 1485 speciali
1386 1416 1517 1485 opusculo
1527 1415 1560 1469 de
1574 1416 1624 1470 bae
1634 1429 1674 1479 re,
1685 1414 1728 1469 ubi
1738 1416 1860 1469 eamdem
1869 1414 1931 1469 be?-

1135 1500 1229 1556 param
1242 1484 1379 1555 Virginem
1391 1486 1417 1538 in
1427 1486 1597 1550 bumilitate,
1623 1487 1691 1549 bue,
1708 1498 1767 1554 spe,
1782 1485 1928 1549 charitate,

1137 1556 1294 1619 devotione.
1310 1554 1392 1624 2⁰⁶
1412 1554 1590 1619 obedientia,
1616 1555 1756 1616 castitate,
1783 1554 1928 1620 modestia,

1137 1636 1296 1696 paupertate
1307 1626 1413 1680 cunetis
1425 1624 1549 1680 bdelibus
1560 1626 1687 1695 proponit
1703 1624 1873 1679 imitandam.

297 1871 1925 1908 ww

600 2029 781 2125 NOTAE
816 2031 892 2120 ΑΒ
931 2026 1296 2119 FRAGMENTA
1332 2025 1622 2117 ntnntnnn.

531 2410 565 2448 tn
584 2405 766 2447 snaoueuruu
785 2388 807 2446 1.

328 2489 521 2559 Fragmentum
548 2487 615 2549 noc,
629 2477 702 2551 qnia
719 2485 752 2535 tte
773 2480 899 2537 laudibus
920 2483 1007 2538 beatae
1023 2482 1084 2538 Vir-

294 2562 366 2631 ginis
380 2571 505 2626 exparte
521 2555 671 2609 salvatoris
688 2552 833 2623 praenotari
852 2564 952 2622 potest,
973 2556 1084 2609 desunt·

313 2640 369 2683 turn
385 2638 426 2682 cst
439 2642 474 2681 uu
490 2626 584 2681 bertini
603 2622 690 2678 nostri
709 2636 836 2675 sunnone
850 2638 857 2675 r
872 2623 898 2676 iu
915 2624 1084 2679 Ascensivne

335 2699 412 2759 tarini,
428 2708 524 2766 estque
540 2695 627 2748 instar
641 2692 701 2760 puri
713 2693 772 2746 auri
789 2692 948 2761 pretiosum.

329 2766 387 2838 (ΞΒ)
404 2766 460 2837 ipsi
472 2764 558 2820 retieri
573 2766 672 2817 ntttatio
685 2764 827 2815 immensus
840 2764 941 2817 candor
959 2766 1081 2819 accrevit.

292 2836 459 2908 ffluspiraut
483 2850 544 2889 cum
559 2836 665 2889 Auianio
678 2841 771 2886 nostro
786 2833 816 2886 S.
829 2830 926 2888 Petrus
939 2833 1082 2905 Ctrrysoio·

292 2920 354 2979 gns,
379 2901 411 2962 S.
426 2902 588 2975 erigeutius
610 2902 753 2971 episcopus
773 2901 935 2970 Ruspensis,
960 2903 990 2961 S.
1010 2903 1081 2959 ibie-

294 2973 418 3046 pbousus
434 2972 593 3037 Toletanus,
608 2973 681 3039 iique
695 2972 844 3040 omnesqui
861 2974 997 3027 eornrnuni
1011 2978 1082 3045 styto

292 3048 392 3101 tioceut
407 3041 860 3111 biariauaevirgiuitatiscertiorem
870 3057 885 3094 a
895 3042 987 3097 diuino
1002 3055 1081 3112 partu

291 3126 415 3181 anctum,
431 3112 473 3167 vel
497 3112 620 3181 beiparte
635 3109 849 3181 virginitaterna
869 3114 1014 3181 puerperio
1037 3117 1081 3168 iu·

292 3194 464 3242 crementum
481 3180 681 3254 capessivisse,
706 3182 736 3237 S.
761 3179 858 3235 Petrus
879 3180 1080 3254 chrysologus,

298 3272 383 3312 serm.
397 3256 470 3311 ms
491 3253 525 3307 iu
542 3265 586 3306 tuo
597 3263 676 3320 partu
687 3252 767 3305 crevit
781 3252 877 3318 pudor,
893 3265 973 3306 aucta
983 3266 1021 3307 est
1033 3272 1081 3308 ca·

291 3328 380 3391 stitus,
401 3328 539 3394 irttepritnt
555 3324 677 3375 roborata
693 3333 742 3385 est,
754 3331 791 3375 est
802 3323 917 3375 satiatura
932 3324 1079 3392 cirpinitns,

291 3410 382 3452 omues
393 3408 586 3465 perseveravere
600 3391 716 3445 virtuter.
726 3391 787 3454 ttte,
807 3406 857 3459 pua
868 3391 916 3445 tibi
927 3405 1006 3446 aucta
1018 3403 1080 3447 suut

290 3465 392 3531 outat'u,
407 3462 472 3519 rtiitit
486 3461 597 3526 retinuit,
618 3473 645 3516 et
656 3477 739 3516 serm.
756 3460 808 3515 175
820 3475 829 3513 .·
843 3460 968 3516 it'eticiter
988 3473 1078 3528 partu·

293 3537 339 3599 rit,
352 3534 576 3604 qurvvtrqiniunit
584 3546 708 3585 coronam
719 3533 802 3600 mapit
811 3533 946 3601 turmisque
953 3533 1079 3600 pariendo

290 3606 457 3673 conquisivit,
471 3614 494 3658 et
509 3601 640 3671 alarinum
661 3601 818 3672 Fuigentius
838 3612 909 3657 orat.
932 3604 965 3658 tie
993 3603 1077 3658 Lanu.

292 3673 324 3728 Β.
349 3674 454 3738 Mariae,
477 3688 510 3726 ex
531 3681 611 3741 partu
628 3671 803 3726 silvatoris:
820 3670 905 3726 Crevit
920 3684 998 3739 parta
1013 3674 1080 3727 iute-

1395 2404 1430 2444 to
1449 2404 1629 2446 ΒΒΛΒΙΕΝΤΒΙ
1649 2407 1679 2447 11.

1173 2479 1353 2549 Desumptnnr
1366 2492 1408 2536 est
1424 2497 1457 2536 ex
1483 2498 1609 2549 sermone
1623 2499 1704 2552 quern
1726 2483 1813 2538 Atiam
1832 2500 1926 2545 noster

1136 2550 1170 2604 tie
1198 2550 1248 2605 SS.
1279 2550 1413 2605 'trinitate
1442 2556 1626 2620 couscriptum
1655 2554 1788 2623 reliquit,·
1827 2569 1925 2628 estque

1135 2619 1345 2742 {elegantissimis
1359 2632 1386 2677 et
1396 2622 1585 2692 pulcherrimis
1606 2622 1726 2693 beiparae
1734 2628 1868 2683 encomiis
1880 2643 1922 2685 re·

1145 2705 1322 2744 erusstmnnr.

1170 2758 1228 2829 (Βό)
1244 2759 1296 2814 Sed
1315 2764 1342 2814 iu
1360 2761 1493 2825 eoiuruna,
1506 2779 1585 2831 qaam
1597 2764 1783 2830 prteutisintut.
1797 2766 1923 2823 intenda-

1134 2845 1204 2883 urar.
1220 2830 1333 2884 biaciam
1346 2832 1430 2887 etiarn
1457 2835 1590 2886 errlutnna
1612 2833 1700 2903 elogio
1711 2835 1854 2891 celebrant
1866 2841 1923 2893 Au-

1133 2896 1216 2953 tireas
1230 2900 1371 2955 Cretensis
1384 2912 1456 2955 orat.
1472 2902 1532 2957 sue
1549 2902 1663 2957 borrrtit.
1682 2904 1713 2957 B.
1729 2905 1817 2975 Virga
1834 2908 1923 2961 'ibeo-

1132 2969 1248 3092 snranes,
1266 2969 1293 3023 iu
1316 2968 1426 3026 Menaeis
1444 2970 1613 3033 Graecorum,
1630 2975 1675 3029 die
1700 2975 1736 3029 ΞΒ
1753 2975 1897 3030 Februarii
1912 2993 1921 3042 ;

1149 3053 1213 3092 oarr.
1237 3038 1395 3105 Geonretra,
1409 3043 1435 3094 iu
1450 3051 1521 3098 orat.
1539 3044 1571 3095 de
1586 3044 1720 3107 buturum
1733 3044 1763 3098 S.
1780 3044 1924 3101 Bostareu·

1133 3115 1204 3173 tura,
1218 3109 1245 3162 iu
1262 3110 1378 3179 Speculo
1391 3110 1422 3165 Β.
1439 3111 1593 3182 Virg.,eap.
1605 3112 1638 3177 t;
1653 3114 1781 3170 ulbertus
1793 3117 1923 3185 stagnus,

1133 3192 1215 3234 serui.
1227 3178 1281 3248 23in
1292 3182 1427 3246 atterunt,
1443 3185 1559 3238 sertui
1588 3185 1723 3239 intissam
1743 3193 1762 3240 t.
1779 3198 1807 3241 et
1819 3188 1845 3242 iu
1863 3189 1922 3243 iia·

1132 3249 1203 3312 riaii,
1221 3264 1281 3317 cap.
1296 3249 1366 3312 eam
1384 3253 1500 3322 irynurus
1526 3254 1638 3308 Graecus
1662 3201 1741 3323 apos
1749 3255 1921 3326 Buteonem,

1132 3334 1194 3388 pag.
1208 3318 1274 3376 tst.
1292 3320 1513 3378 sumptuosae
1527 3322 1628 3386 Patina,
1651 3325 1764 3379 serani
1781 3328 1808 3381 in
1827 3329 1922 3384 bauri-

1132 3389 1194 3443 nica
1204 3400 1265 3458 post
1277 3390 1438 3445 Trinitatem
1452 3407 1461 3458 ;
1482 3393 1695 3449 Bartbotnrnaens
1709 3396 1742 3449 tie
1755 3394 1837 3463 Pisis,
1853 3398 1919 3453 iiur.

1132 3473 1140 3510 ι
1160 3458 1198 3512 ite
1225 3459 1299 3514 tauri.
1314 3461 1383 3530 rit-g.
1399 3466 1490 3518 tructu
1505 3464 1536 3527 23
1550 3473 1579 3516 et
1595 3463 1652 3526 aiii,
1673 3479 1789 3533 quomm
1805 3470 1920 3524 tuemini

1131 3528 1158 3650 isa
1169 3528 1325 3585 Cesaribus
1336 3531 1475 3600 blariauis,
1495 3533 1523 3587 in
1536 3534 1650 3602 epistota
1665 3538 1831 3592 dedicatoria
1844 3537 1920 3595 circa

1140 3613 1222 3653 tuem.
1547 3650 1550 3657 ,

1167 3669 1224 3736 (ui)
1236 3669 1321 3736 Quam
1331 3671 1409 3740 pirum
1423 3683 1473 3736 est,
1484 3675 1527 3728 rui
1539 3683 1562 3728 et
1587 3675 1678 3729 coeiurn
1693 3685 1718 3729 et
1733 3687 1803 3732 terra
1827 3679 1920 3732 inniti·

291 3746 376 3814 aritae
402 3743 518 3812 corporis
550 3741 637 3804 patius
672 3757 751 3811 auam
783 3741 914 3804 ttecrevit,
948 3753 972 3795 et
1005 3739 1921 3818 virui-Cturiiiamutiibrotuiiytboingiaruur,ittqnitS.Fut·

290 3816 358 3869 nitar
382 3814 508 3882 ampttata
521 3821 558 3864 est
572 3809 659 3879 patius
679 3827 757 3881 qaam
770 3811 863 3881 [aputu
871 3827 882 3876 ,·
897 3811 926 3867 S.
940 3812 1083 3882 ltdepbon·

291 3899 354 3950 sus,
371 3885 397 3938 in
418 3881 499 3952 207
515 3883 578 3936 libr.
600 3883 635 3934 be
652 3880 682 3935 S.
700 3882 767 3951 virg.
783 3898 844 3951 cap.
860 3882 890 3937 11
910 3898 918 3936 :
937 3880 1082 3954 Nurrqaunt

292 3964 392 4018 muter,
405 3970 457 4006 utu
471 3955 576 4022 quaudo
592 3962 615 4004 et
637 3953 719 4021 virpa,
737 3962 762 4005 et
776 3962 914 4023 postquam
934 3965 1016 4006 ntater
1031 3969 1082 4007 aa·

293 4024 372 4076 tritior
386 4032 410 4076 et
430 4029 512 4092 rirpa.
533 4022 648 4090 Defirtito
672 4023 939 4092 temperantiaeque·
960 4032 1081 4087 uenerat,

288 4095 377 4163 tareni
390 4097 502 4156 sentit,et
514 4097 618 4161 pincroo
629 4096 786 4162 epresst'out‘s
794 4094 855 4146 itera
864 4093 1082 4162 praeeranattar

287 4163 469 4230 procedentem
491 4163 597 4229 inspicit
630 4178 710 4231 qaum
727 4164 892 4216 accedentem
915 4163 998 4216 scivit.
1020 4162 1083 4216 Save

287 4246 375 4287 carrus
387 4236 496 4287 veritate
508 4237 578 4284 itanc
594 4232 659 4283 nictit
672 4247 728 4284 erse
744 4236 875 4295 vestitruu,
897 4241 922 4285 et
946 4234 972 4284 in
994 4248 1022 4285 se
1039 4233 1082 4285 sui

290 4303 385 4355 aitaris
400 4317 431 4355 a:
441 4301 551 4371 patioris
572 4301 748 4368 inmanitatem
768 4303 895 4353 minuisse
915 4316 966 4353 non
982 4304 1080 4367 sentit,

287 4373 335 4494 fred
348 4371 437 4492 patinis
454 4372 567 4424 crevisse
589 4372 739 4437 capnvscit,·
756 4370 885 4424 Auteiins
900 4369 1081 4439 Prudentius,

327 4440 412 4494 untoi
437 4456 444 4492 τ

307 4453 323 4510 y
431 4508 562 4570 Sentisne,
580 4504 658 4574 Virpo
674 4507 779 4576 ciebitis,

432 4577 541 4635 uarum
556 4593 603 4647 per
614 4577 735 4645 iustiora,

431 4648 545 4703 Putant
560 4649 688 4700 intactum
700 4650 779 4702 tiertts

431 4717 540 4773 iiouore
553 4729 645 4788 partus
655 4732 770 4773 erescere
782 4720 794 4773 i

325 4790 463 4848 Goiiririur
480 4787 699 4849 Vittuoeinensis,
722 4803 806 4844 senn.
832 4790 890 4846 tie
912 4790 1002 4847 Natir.
1027 4792 1080 4849 Do·

288 4862 355 4918 mini
368 4878 376 4917 t
387 4860 468 4928 Virpo
481 4872 574 4913 sartrta
590 4871 652 4912 unte
669 4869 788 4926 partum,
804 4862 831 4913 in
843 4872 921 4927 partu
933 4864 1004 4932 virpo
1015 4880 1079 4918 rou·

289 4935 375 4997 etiar,·
391 4933 420 4984 S.
443 4930 620 4998 Epiphanius,
635 4940 708 4982 orat.
722 4932 755 4985 tle
768 4931 850 4984 tana.
869 4930 954 5003 Virga
976 4937 1079 4988 titiant·

286 5019 349 5056 nura
366 5016 425 5053 rum
445 5000 517 5066 airpa
535 5009 591 5067 post
604 5009 720 5067 partum,
739 5002 850 5068 purior,
867 5005 990 5058 attinere
1006 5003 1076 5069 ticet,

1135 3809 1243 3879 peritius
1258 3814 1372 3867 antitistes
1384 3813 1545 3884 iiuspensis,
1561 3818 1623 3870 aitis
1637 3819 1779 3886 episeopus
1803 3820 1919 3874 Cartba-

1135 3882 1266 3948 ginensis,
1285 3883 1375 3937 verius
1401 3883 1564 3952 Fuigentius
1587 3887 1728 3940 Plaetorius
1753 3889 1830 3951 (ticet
1849 3892 1919 3944 istos

1135 3949 1213 4003 unviti
1229 3950 1409 4019 confundant,
1425 3965 1453 4010 ut
1469 3957 1497 4009 iu
1511 3956 1615 4009 Pietate
1626 3955 1745 4011 Mariana
1762 3958 1919 4027 Graecorum

1134 4030 1212 4087 parte
1228 4036 1247 4084 t,
1271 4037 1346 4077 tturn.
1371 4023 1435 4090 223,
1463 4035 1540 4078 notat
1552 4026 1594 4078 sir
1618 4030 1794 4082 noetissunns
1808 4045 1842 4082 ac
1855 4045 1918 4083 eru-

1134 4088 1284 4145 ditissimus
1298 4092 1381 4162 209
1393 4093 1424 4147 P.
1437 4094 1532 4148 Simon
1556 4093 1739 4166 Wagrrcreeb)
1752 4113 1760 4151 ι
1774 4097 1874 4151 Cretum
1893 4114 1918 4154 et

1134 4168 1205 4212 terra
1215 4160 1274 4230 jam
1286 4169 1385 4214 uuuurn
1400 4168 1524 4227 ruissent,
1545 4167 1596 4218 rttai
1621 4165 1709 4218 Maria
1724 4171 1844 4234 precibus
1854 4185 1919 4224 ras·

1133 4237 1268 4283 tentasset.
1292 4229 1367 4286 Unue
1393 4231 1555 4299 Calatinus,
1595 4236 1642 4290 tib.
1666 4251 1702 4289 rn
1730 4240 1763 4291 tte
1789 4242 1917 4300 arcanis.

1133 4312 1194 4365 cap.
1222 4299 1252 4361 1.
1278 4315 1340 4355 eum
1368 4304 1506 4358 vetutisset
1528 4318 1560 4357 ex
1577 4304 1662 4359 Rabbi
1676 4307 1810 4362 Arrcireios
1831 4318 1917 4363 toturn

1133 4369 1263 4424 muudum
1289 4384 1382 4427 amore
1407 4371 1438 4428 tt.
1464 4373 1579 4443 Virginis
1603 4375 1698 4429 taratris
1714 4376 1846 4433 blessrtea
1861 4380 1918 4434 beo

1132 4442 1294 4506 sustentari,
1309 4443 1449 4496 subdidit:
1464 4442 1580 4499 Maritus
1595 4446 1663 4498 euim
1685 4447 1740 4514 ipse
1765 4452 1796 4502 ab
1810 4460 1917 4503 nostras

1131 4523 1226 4573 pravas
1249 4510 1365 4563 actiones
1394 4512 1556 4581 uuitopacto
1580 4516 1721 4569 consistere
1735 4530 1837 4586 posset,
1864 4523 1916 4574 nisi

1131 4577 1187 4657 ipsu
1199 4579 1315 4646 portata
1336 4578 1414 4652 Viraa
1429 4599 1487 4636 eunt
1502 4599 1551 4636 tua
1567 4587 1748 4639 rrrirerieortiiu
1761 4602 1784 4641 et
1800 4592 1916 4643 cierrren·

1131 4654 1168 4698 tta
1179 4663 1227 4714 pra
1239 4649 1313 4703 nabit
1328 4653 1429 4705 orarrtiv
1443 4655 1594 4711 sustineret.
1612 4657 1658 4710 Sic
1673 4659 1726 4711 ine.
1741 4660 1789 4712 tini
1803 4662 1915 4714 totidem

1130 4714 1188 4771 iere
1203 4718 1293 4772 verbis
1306 4735 1336 4776 se
1350 4723 1497 4777 subscribit
1509 4723 1609 4780 Paetus
1622 4727 1655 4779 rte
1668 4726 1782 4782 tierent-a
1797 4733 1823 4782 iu
1834 4741 1914 4785 tract.

1132 4785 1170 4866 be
1180 4793 1358 4858 correeptione
1370 4791 1403 4847 B.
1419 4794 1491 4862 virg.
1509 4793 1592 4850 Favet
1608 4795 1637 4851 S.
1654 4799 1807 4853 butonnius
1822 4803 1915 4854 arcui·

1129 4871 1272 4926 episeopus
1283 4859 1469 4927 surrentinus,
1492 4867 1555 4918 rium
1581 4866 1608 4919 iu
1622 4868 1732 4920 Sarrana
1749 4872 1914 4939 ttreuivprea,

1128 4936 1208 5006 parte
1223 4944 1245 4993 t,
1260 4930 1302 4984 tit.
1325 4931 1371 4999 tt,
1387 4949 1448 5002 vap.
1472 4936 1499 4999 1,
1517 4934 1571 5006 51,
1587 4938 1626 4990 ait
1641 4954 1648 4991 :
1662 4935 1695 4990 Ut
1716 4940 1772 4992 trec
1785 4943 1915 5010 interiora

1128 5007 1266 5051 narrantur
1286 5003 1429 5056 retundunt
1458 5019 1558 5059 matum
1584 5008 1672 5070 tante,
1689 5009 1727 5062 t'ta
1754 5012 1808 5064 suis
1824 5010 1913 5066 ituria

285 5085 366 5140 quarn
382 5080 482 5130 auteur
500 5069 618 5136 uertique
639 5067 668 5121 S.
686 5070 869 5140 Augustinus,
882 5085 970 5128 servu.
995 5077 1028 5128 ib
1041 5076 1075 5129 tie
1090 5085 1113 5141 D
1128 5067 1227 5144 meritis
1242 5080 1266 5122 et
1293 5075 1414 5141 precibus
1431 5084 1560 5128 sustentat
1578 5081 1715 5145 muratum,
1732 5091 1757 5134 et
1778 5083 1855 5150 quari
1872 5098 1913 5135 re·

286 5141 420 5209 'i'ernpore
434 5153 441 5188 ε
466 5135 543 5206 Virpo
554 5138 642 5205 partui
652 5154 699 5190 suo
710 5143 993 5211 nrtpsit,virainitatenr
1008 5146 1071 5198 dum

283 5218 386 5280 pareret
404 5207 556 5277 dupiicuvit.
570 5207 709 5274 Quonrodu
723 5223 812 5265 autent
829 5212 949 5280 Deipurm
960 5216 1071 5284 sirpiar-

286 5293 369 5334 tases
382 5279 474 5333 diuino
487 5287 566 5347 partu
576 5282 647 5331 taeta
664 5278 744 5333 tuerit
756 5283 938 5350 petiectioret
952 5288 1069 5350 auctior,

284 5366 346 5404 curn
365 5350 523 5418 virginitas,
541 5358 595 5402 tatu
620 5350 798 5404 rrtateriabter
813 5353 1070 5419 quntuiarrnaiiter,

283 5435 337 5473 uun
353 5419 390 5473 sit
410 5433 496 5486 capax
515 5418 653 5488 atrgntenti
667 5417 806 5486 intensivi,
823 5421 901 5489 piene
918 5425 991 5477 iuter
1002 5424 1071 5477 aiios

283 5489 420 5557 explicant
431 5488 564 5558 iosepbus
580 5488 614 5542 de
625 5488 652 5543 ia
667 5487 753 5543 Zerna
769 5490 796 5543 iu
811 5491 894 5543 Maria
909 5491 997 5561 eiiipie
1008 5493 1072 5546 'iri-

286 5558 397 5624 nitatis,
419 5559 560 5612 academia
580 5557 625 5621 22,
640 5569 709 5614 sect.
722 5559 740 5612 5
755 5569 783 5613 et
798 5560 837 5624 ὅς
858 5570 885 5614 et
903 5559 1070 5633 Tirenpbitus

283 5626 458 5696 iiayrtautius,
476 5637 532 5683 tutu
549 5628 576 5682 iu
591 5628 799 5683 bontenciatote
814 5627 938 5685 Mariano
953 5635 979 5686 iu
991 5633 1071 5686 Glos-

282 5699 357 5749 sario
370 5701 404 5750 au
414 5697 479 5751 ‘titud
492 5697 610 5768 Virginis
623 5699 665 5752 elo
686 5698 740 5751 ium
754 5717 761 5753 r
778 5697 889 5753 Femina
901 5703 1071 5770 reincipiendo

281 5765 354 5834 virae
369 5767 483 5833 redriitu,
497 5777 554 5822 tum
568 5769 595 5822 iu
607 5713 836 5839 ffibipbtycis
845 5769 983 5838 Marianis,
994 5782 1071 5842 parte

281 5845 413 5908 r,puueto
425 5836 451 5906 t,
464 5838 639 5914 uumcrois.
705 5883 706 5887 ,

1125 5140 1256 5216 aralunae
1270 5143 1362 5195 mundi
1375 5141 1475 5212 iiepina
1493 5147 1602 5203 dicitur.
1629 5148 1692 5203 itae
1705 5152 1761 5205 iiie.
1778 5150 1844 5205 uiue
1858 5151 1913 5207 Nu·

1124 5220 1247 5287 varmum
1257 5212 1283 5265 in
1305 5211 1404 5268 Utubra
1419 5218 1549 5284 virginea,
1566 5233 1681 5274 excursu
1694 5223 1738 5284 tu,
1754 5238 1803 5292 per
1815 5232 1912 5288 tutum,

1124 5277 1168 5329 ubr
1186 5282 1348 5346 probavisti.
1370 5282 1504 5353 Virginem
1512 5302 1573 5341 esse
1588 5291 1681 5343 rtrurrtti
1705 5302 1787 5346 totius
1801 5296 1913 5349 erubru-

1124 5349 1214 5428 cuintn
1230 5366 1263 5404 ae
1278 5356 1428 5417 ttrurrituen,
1441 5356 1548 5420 scribit,
1564 5360 1636 5414 inter
1646 5360 1711 5424 aiia,
1725 5366 1913 5432 annuns-aest

1124 5420 1186 5471 cuit
1213 5421 1349 5489 columna,
1374 5439 1435 5492 quar
1455 5441 1512 5480 surs
1532 5433 1659 5497 precibus
1681 5438 1780 5486 eoetarn
1796 5437 1909 5499 l'uterat;

1124 5503 1176 5566 nce
1195 5506 1249 5544 uon
1271 5503 1363 5548 noster
1385 5494 1462 5549 Artas
1476 5503 1494 5564 ,f
1507 5514 1568 5568 quae
1589 5515 1651 5554 rere
1674 5513 1700 5557 et
1726 5505 1828 5573 absone
1856 5506 1911 5559 vtio
1934 5501 1940 5510 ’

1125 5558 1279 5614 tabularum
1296 5563 1435 5631 iigrrtenta,
1448 5569 1605 5623 unirersum
1621 5587 1732 5627 suarum
1753 5577 1910 5630 arationum

1125 5626 1247 5685 burneris
1260 5644 1388 5699 sustinet,
1404 5651 1439 5689 ue
1450 5637 1567 5694 labatur.

1155 5698 1217 5782 195)
1242 5699 1309 5765 Qute
1330 5704 1431 5772 peccati
1454 5711 1585 5763 macutant
1605 5714 1721 5768 nescivit.
1746 5715 1781 5769 Et
1799 5716 1909 5782 quidem

1125 5783 1207 5825 ettam
1220 5773 1355 5839 tnacuiaur
1367 5778 1470 5846 peccati
1489 5780 1630 5850 originalis
1646 5783 1781 5851 ignorarit
1800 5786 1832 5841 Β.
1847 5785 1906 5841 tn·

1126 5855 1177 5912 po:
1195 5854 1289 5912 aqna,
1304 5857 1338 5900 ae
1351 5851 1386 5901 ab
1401 5859 1433 5901 ea
1448 5850 1475 5902 in
1491 5852 1579 5918 primo
1590 5855 1778 5925 conceptionis
1792 5856 1915 5915 instanti.
