4425 6450
279 392 332 453 ddi

846 399 955 455 totth
973 400 1120 458 aboatis
1136 398 1318 459 eshshstAE

1856 401 1910 459 028

280 513 353 569 anilis
374 514 433 581 eths
452 515 532 581 illius,
546 531 560 570 a
577 514 721 571 desideriis
733 516 824 571 carnis
838 515 940 573 Cluisti
955 532 1066 574 carcere
1084 527 1104 581 ,ι
1120 518 1455 586 irritiurrrsapierrtroee513
1472 520 1499 569 et
1515 528 1602 579 antor,
1619 528 1680 569 cum
1697 512 1837 584 perlectus
1851 515 1912 573 hrc-

281 620 413 661 coerceri.

317 698 426 764 Totum,
438 698 529 765 Pater,
544 700 691 756 lnnnititati
704 714 800 758 cestre
811 704 913 759 debeo:
926 717 953 760 et
964 706 1067 760 rrtinarn

282 798 358 842 tanta
377 799 449 845 esset
463 791 590 847 rolrintas
603 792 737 863 obsequii,
757 803 856 863 quanta
880 796 945 850 milri
962 806 1003 851 εει
1019 811 1068 851 ro·

282 878 372 934 luntas
385 883 569 951 obsequendi!
593 883 669 939 Nune
683 894 774 940 antem
790 884 994 954 impossibilitas
1007 899 1069 953 quae

282 974 416 1029 voluntari
432 989 500 1031 mete
520 975 589 1031 facit
603 979 807 1045 verecundiam,
824 978 889 1033 iacit
904 979 985 1033 etiarn
1002 980 1070 1033 artri·

282 1081 344 1121 cunr
360 1067 387 1122 in
404 1081 453 1122 sua
466 1067 520 1137 pati
538 1068 670 1137 petitione
686 1070 833 1139 repulsam.
849 1070 1007 1125 lncomueta
1028 1070 1070 1123 ni·

283 1156 385 1213 mirum
408 1160 552 1235 praesentis
576 1159 705 1229 temporis
727 1161 869 1225 sterilitas,
888 1174 915 1217 ει
942 1162 1070 1232 parrulos

284 1265 360 1306 rrteos
376 1251 515 1314 ablactare
534 1266 578 1308 rne
592 1253 731 1324 compulit,
749 1263 777 1308 et
796 1254 830 1309 ad
849 1254 963 1309 aliarum
978 1255 1071 1310 domo-

285 1357 343 1396 rum
368 1342 451 1398 ubera
479 1346 667 1401 transmittere
690 1346 835 1402 novissime
858 1362 955 1418 magno
977 1347 1071 1403 dolore

284 1433 377 1487 cordis
393 1433 445 1489 cnei
460 1435 559 1503 coegit.
577 1434 653 1492 Unde
666 1438 785 1501 interim,
801 1439 915 1494 ahsente
925 1447 1070 1500 conuentu,

285 1524 422 1579 neminem
444 1525 508 1581 lieet
526 1528 663 1597 recipere,
686 1529 836 1596 praesertim
857 1543 919 1583 curn
939 1528 997 1582 sine
1016 1525 1072 1581 ira·

285 1621 355 1666 tram
369 1622 523 1670 nostrorum
536 1618 650 1673 ccrrrsilio
663 1619 774 1673 minime
786 1618 838 1673 tale
849 1618 913 1688 quid
927 1616 1072 1686 aliquando

285 1706 478 1775 promittamus
499 1708 542 1762 rel
563 1724 769 1779 praesumamus.
788 1708 880 1765 Facile
898 1710 1011 1779 recipiet
1024 1723 1072 1761 err·

284 1800 453 1855 cusationem
469 1800 610 1867 discretio,
626 1810 655 1857 et
677 1801 749 1857 inter
766 1816 847 1857 veros
861 1802 966 1856 amicos
981 1799 1072 1856 delec-

284 1901 342 1948 tum
362 1906 444 1961 quem
470 1892 537 1949 iacit
560 1893 780 1963 inrpossththus.
802 1906 867 1949 nera
888 1892 997 1947 dileetio
1019 1906 1072 1947 non

284 1993 424 2039 causator.
439 1983 574 2041 Caeterum
593 1986 626 2041 de
642 1985 798 2041 sanctitatis
813 1994 912 2040 restrae
925 1993 1008 2052 statu,
1024 1997 1073 2038 nos

284 2077 425 2146 inquirere
448 2092 526 2133 atrior
551 2077 642 2132 lrlialis
667 2076 818 2131 sollicitat:
839 2084 867 2131 et
890 2077 992 2131 utinam
1012 2088 1073 2144 quae

285 2171 358 2226 eirca
371 2184 419 2224 ros
431 2178 549 2240 aguntur
562 2182 669 2238 possem
683 2170 781 2239 saepius
794 2168 950 2239 agnouisse!
965 2166 1073 2222 felicem

284 2259 365 2331 plane
387 2275 438 2315 nos
453 2260 586 2323 dixerim,
602 2260 644 2314 cui
660 2257 763 2329 Christi
784 2260 900 2315 solitudo
917 2269 970 2315 tam
986 2259 1073 2315 dulcis

284 2359 337 2416 est,
354 2360 384 2406 ut
397 2351 529 2421 quidquid
547 2352 573 2406 ia
590 2349 709 2421 AEgppto
723 2360 766 2411 est
785 2351 923 2421 sapidum,
939 2350 1018 2411 hobis
1032 2348 1074 2404 la·

284 2445 340 2499 ciat
361 2443 496 2499 fastidire.
518 2444 619 2500 Beatos
643 2444 724 2512 plane
745 2443 788 2498 cui
811 2442 958 2500 oblectatio
979 2441 1072 2497 sarculi

283 2537 359 2593 venit
375 2536 402 2590 in
414 2534 534 2602 taedium,
548 2536 594 2605 qui
609 2535 694 2589 lutum
707 2533 859 2602 Pharaonis
872 2534 1035 2606 contempsit
1045 2543 1073 2589 et

285 2633 399 2698 lateres,
412 2641 440 2687 et
452 2647 508 2702 prae
522 2646 590 2687 auro
601 2631 753 2700 Jerusalem
769 2631 970 2703 sterquilinium
986 2632 1073 2703 bairy·

284 2723 366 2780 lonico
378 2724 561 2780 conculcarit.
579 2722 665 2790 Quam
682 2722 747 2789 ielis
760 2733 802 2779 est
822 2722 881 2802 ejus
893 2723 1071 2799 exspectatio,

285 2816 332 2886 aqui
347 2816 380 2871 ad
397 2814 520 2872 studium
535 2817 666 2871 virtutum
684 2813 876 2879 retranstulit,
892 2816 934 2869 ειιι
947 2815 1021 2870 solus
1032 2823 1073 2870 est

284 2908 312 2967 ia
328 2906 465 2963 desiderio
480 2907 621 2974 Christus,
636 2907 713 2977 euius
734 2908 823 2962 arrirna
838 2907 967 2978 splendor
987 2908 1073 2964 heatae

286 2998 501 3055 rrrrhonanuus
523 2998 629 3053 rrtaxnr
655 2997 714 3057 non
738 2997 829 3055 urhun
853 2983 887 3055 ui
909 3000 986 3056 vonis
1005 2998 1071 3069 qnia

284 3090 328 3145 rel
345 3100 427 3145 tenax
442 3090 547 3148 Christi
561 3106 639 3159 ampr
651 3093 779 3159 retineat,
796 3099 823 3148 et
835 3092 1017 3161 quantaslibct
1032 3091 1073 3146 la·

1119 612 1171 676 rit,
1189 611 1330 679 sapientiae
1353 608 1502 680 plenitudo.
1522 606 1597 661 Felix
1620 606 1712 661 atriroa
1726 621 1810 676 qoam
1828 608 1913 663 linior

1120 704 1208 758 initiat
1228 710 1262 757 act
1284 703 1457 773 sapientiam,
1472 715 1550 758 amor
1564 700 1591 754 in
1611 699 1745 768 sapientia
1758 699 1871 769 perfleit
1884 711 1913 755 et

1120 795 1153 849 ad
1164 795 1334 866 splendorem
1347 797 1474 866 provehit
1485 794 1693 864 sempiternum.
1706 791 1816 848 Primus
1827 794 1914 848 timor

1120 886 1184 941 dum
1200 887 1318 943 declinat
1336 904 1351 942 a
1369 888 1440 944 malo
1460 888 1631 957 insipientem
1647 885 1767 943 tenebris
1780 902 1811 942 se
1826 900 1913 957 oppo-

1121 980 1169 1034 nit.
1190 979 1220 1034 ln
1243 980 1302 1049 ipso
1317 995 1382 1036 sane
1406 990 1535 1049 tanquam
1561 980 1586 1034 in
1603 978 1660 1035 reri
1683 977 1793 1034 luminis
1809 993 1913 1033 aurora

1121 1074 1201 1127 liutem
1217 1075 1331 1128 sortitur
1345 1089 1397 1128 uox
1414 1074 1573 1138 erirninuut,
1585 1082 1613 1128 ει
1625 1072 1726 1144 occipit
1738 1073 1848 1128 initinrn
1864 1072 1913 1127 lua

1121 1165 1225 1220 salotis.
1251 1165 1279 1219 lu
1307 1165 1355 1221 illo
1378 1164 1520 1234 sapientiae
1542 1165 1677 1220 matutino
1701 1164 1774 1220 noeti
1800 1163 1915 1219 malitiae

1122 1255 1309 1322 prasccthttnr
1324 1254 1471 1318 terminus,
1488 1262 1516 1308 et
1539 1254 1672 1324 sapientia
1696 1253 1780 1307 etiam
1798 1254 1833 1310 de
1853 1256 1915 1310 suis

1122 1345 1206 1400 irritiis
1218 1345 1302 1400 rincit
1314 1346 1444 1399 malitiam
1458 1355 1486 1401 et
1500 1344 1621 1414 expellit.
1634 1343 1657 1400 0
1669 1343 1809 1413 sapientiae
1820 1345 1912 1400 dican!

1122 1435 1332 1506 0spleudorem
1353 1438 1461 1508 gratiae,
1482 1453 1543 1508 quae
1562 1437 1723 1507 ignorantie
1740 1436 1782 1494 rel
1801 1437 1916 1492 ritalitiae

1124 1529 1250 1583 tenebras
1267 1542 1317 1583 sno
1337 1528 1461 1584 eliminat
1478 1529 1630 1584 matutino!
1648 1527 1671 1584 0
1686 1529 1777 1583 lurrren
1792 1528 1915 1585 amabile

1122 1630 1151 1675 et
1163 1619 1323 1674 aclnrirabile
1338 1621 1413 1690 puris
1429 1620 1538 1675 interim
1555 1620 1736 1676 hauriendum
1750 1619 1847 1684 oculis,
1863 1621 1915 1677 do·

1123 1725 1174 1766 nee
1194 1711 1265 1781 pleni
1288 1713 1391 1768 aratoris
1420 1711 1510 1768 lamen
1529 1712 1666 1767 elucescat
1689 1721 1718 1767 et
1746 1712 1914 1769 incalescatl

1123 1799 1204 1857 Certe
1217 1817 1279 1857 cerm
1298 1805 1404 1858 cernerit
1422 1817 1509 1868 amor,
1525 1817 1586 1858 cum
1602 1802 1729 1858 meridies
1741 1802 1914 1870 efferbuerit,

1088 1859 1186 1948 Bcum
1205 1893 1326 1963 aquiloni
1347 1893 1499 1950 discessum
1523 1892 1712 1964 imperauerit,
1727 1902 1823 1949 auster
1843 1894 1914 1949 anihil

1125 1986 1253 2053 deinceps
1265 1987 1411 2041 obscurum
1426 1995 1474 2040 aut
1493 1985 1619 2055 trigidum
1636 1986 1663 2039 ia
1679 1993 1779 2040 noslrae
1795 1986 1915 2041 rationis

1124 2090 1189 2132 aere
1203 2076 1366 2132 remanebit.
1378 2076 1450 2131 Nihil
1466 2077 1538 2132 eninr
1550 2078 1584 2133 de
1599 2076 1698 2147 spirita
1715 2075 1913 2148 intelligentiae,

1124 2181 1205 2237 quem
1219 2182 1268 2237 per
1281 2168 1387 2222 initium
1401 2168 1546 2237 sapientire
1562 2169 1713 2223 matutinos
1726 2167 1856 2238 splendor
1871 2168 1915 2223 in·

1125 2255 1231 2324 tundit,
1247 2258 1415 2315 meridianus
1433 2260 1535 2314 amoris
1554 2256 1644 2315 ierror
1664 2260 1827 2314 imminuet:
1844 2260 1914 2330 quin

1124 2348 1216 2417 potius
1241 2357 1344 2419 quanto
1371 2350 1512 2405 ardentius
1536 2350 1665 2421 diligetur
1692 2349 1736 2405 illa
1764 2349 1915 2406 invisibilis

1123 2439 1304 2510 pulchritudo,
1322 2449 1397 2496 tanto
1416 2455 1447 2496 se
1459 2442 1676 2512 conspectiorem
1697 2441 1822 2512 purgatio
1836 2457 1914 2498 ruen-

1125 2535 1197 2590 tibus
1210 2531 1361 2589 exhibebit.
1376 2530 1423 2588 Sic
1438 2533 1494 2604 ianr
1510 2531 1694 2589 celebrabitur
1709 2543 1823 2589 secretae
1838 2532 1915 2590 illius

1124 2623 1364 2695 contemplatiohis
1386 2623 1507 2680 solemne
1529 2624 1688 2688 sabbatum,
1704 2624 1738 2678 ad
1756 2624 1828 2694 quod
1848 2639 1913 2696 per-¹

1124 2720 1198 2779 ducit
1209 2726 1237 2773 et
1251 2717 1343 2786 dirigit
1355 2716 1567 2787 precedentium
1580 2716 1752 2772 obseruantia
1769 2714 1913 2770 feriarum.

1124 2809 1215 2865 Prima
1231 2809 1366 2881 siquidem
1383 2807 1451 2864 ieria
1469 2817 1511 2863 est
1534 2806 1647 2877 spiritus
1665 2807 1771 2861 tintorls
1785 2805 1914 2872 Dorrriui,

1124 2902 1169 2972 qui
1191 2911 1325 2965 mentem,
1347 2898 1477 2955 resolutis
1498 2897 1626 2953 uitiorum
1647 2898 1778 2961 tenebris,
1794 2896 1914 2966 quadam

1124 3004 1201 3047 rnorec
1215 2989 1284 3044 lucis
1297 2987 1470 3057 juerrrrditate
1485 2987 1633 3053 pertundit.
1650 2985 1773 3040 Secunda
1789 2986 1857 3041 leria
1871 2997 1915 3042 est

1124 3082 1238 3153 spiritus
1249 3080 1371 3149 pietatis,
1383 3079 1430 3149 qui
1443 3079 1494 3148 piae
1505 3078 1567 3134 l'tdei
1581 3077 1785 3132 iurrdauneotom
1797 3076 1916 3133 collocat

284 3183 408 3241 bentiurn
436 3185 530 3244 artinas
555 3186 755 3258 cognoveritis,
779 3199 828 3241 ros
854 3184 951 3241 stabile
975 3183 1107 3260 ruentisg
1124 3181 1152 3226 et
1166 3170 1313 3242 componit,
1329 3178 1357 3227 et
1376 3169 1410 3223 ad
1431 3168 1516 3224 11111111
1537 3168 1628 3224 cultus
1649 3181 1769 3224 1111011111
1791 3177 1915 3224 mentem

284 3278 454 3348 propositum
466 3278 494 3341 j„
508 3293 602 3335 more
612 3277 828 3351 permanentium
840 3276 979 3347 gopqup,
990 3275 1072 3329 Appia
1127 3262 1241 3317 errrollit.
1255 3261 1347 3317 Tertia
1361 3260 1430 3316 seria
1440 3269 1484 3316 est
1495 3259 1608 3329 spiritus
1619 3259 1752 3327 seientiae,
1764 3274 1836 3333 quae,
1848 3259 1915 3321 dum

285 3371 396 3440 quidem
412 3378 455 3432 cst
474 3372 517 3427 ria
531 3371 642 3427 rirtntis
656 3378 683 3426 ct
704 3371 799 3433 ardua,
816 3370 863 3425 sed
879 3367 1073 3435 contemptori-

286 3465 338 3519 bus
352 3463 442 3517 sacnti
463 3463 562 3532 levigat
576 3477 635 3518 eam
651 3461 742 3517 suauis
760 3461 851 3516 unctio
865 3472 926 3531 quae
939 3459 972 3514 de
986 3456 1072 3525 Spiri-

288 3563 333 3609 tus
345 3553 433 3610 sancti
445 3552 589 3614 dulcedine
601 3553 692 3613 cordis
705 3551 793 3608 induit
806 3550 965 3617 mansuetis.
981 3547 1074 3603 Facite

290 3661 344 3712 me,
361 3645 489 3709 ebsecro,
506 3646 681 3716 experientiae
703 3645 777 3700 illins
789 3654 886 3699 restrae
901 3641 1073 3713 participem,

287 3740 351 3810 qni,
371 3740 421 3795 etsi
443 3739 568 3809 petitioni
582 3749 680 3795 restrae
698 3737 822 3794 ellectum
844 3722 907 3806 prae
919 3734 1076 3789 difleultate

288 3817 341 3889 non
357 3832 459 3899 tribuo,
474 3846 569 3888 arnare
584 3841 673 3887 tamen
687 3831 807 3888 uinctum
819 3828 920 3886 Cleristi
935 3828 1076 3885 sinceriter

288 3939 343 4001 non
360 3924 501 3984 desistam.
522 3926 596 3982 llalc.

561 4038 728 4098 resistent
746 4039 805 4096 XV.

587 4146 622 4187 ao
637 4146 782 4189 nacotaurr.

290 4228 423 4296 ilortntor
437 4237 465 4299 ιιι
479 4225 583 4298 Christo
598 4237 682 4280 mente
696 4239 798 4292 semper
812 4222 957 4285 adhereat,
971 4219 1079 4289 cjarqae

425 4298 573 4374 praesertim
588 4294 730 4363 infantiam
746 4293 945 4358 corrtcrnptetnr.

326 4387 441 4444 Nieoiao
454 4398 517 4467 suo,
534 4381 619 4443 irater
630 4383 663 4452 tt.
676 4391 814 4450 peccator,
830 4380 856 4435 iu
869 4378 970 4449 Spiritu
983 4385 1079 4433 sarrcto

292 4495 388 4557 anrarc
403 4477 520 4534 fideliter
533 4485 561 4549 et
575 4474 662 4528 arrrarl
677 4473 802 4549 leliciter.

1124 3354 1215 3410 honos
1227 3363 1316 3410 motus
1331 3351 1547 3423 fluctivagosque
1562 3352 1701 3411 discursus
1727 3350 1836 3408 lubrice
1849 3366 1916 3408 seru.

1127 3447 1262 3503 suaiitatis
1285 3447 1335 3502 sub
1357 3443 1461 3516 judicio
1485 3443 1600 3499 rationis
1622 3451 1759 3509 coarctat,
1783 3451 1917 3510 recteque

1127 3539 1287 3595 intentionis
1301 3536 1458 3598 firmitatem
1473 3536 1508 3591 ab
1522 3535 1566 3590 bis
1585 3533 1696 3590 lubricis
1712 3531 1829 3588 motibus
1844 3531 1915 3585 alie·

1128 3647 1190 3686 nam
1210 3638 1420 3701 separatamque
1439 3627 1619 3691 demonstrat,
1641 3625 1718 3695 qnasi
1739 3638 1825 3693 aquas
1846 3620 1918 3680 inice

1128 3725 1217 3780 riores
1231 3721 1259 3777 in
1274 3735 1358 3776 unum
1381 3719 1470 3775 locum
1485 3725 1648 3789 congregat,
1667 3724 1695 3771 et
1710 3714 1815 3781 aridam
1831 3725 1917 3770 rectae

1129 3815 1287 3873 interitionis
1301 3827 1435 3884 apparere
1449 3810 1525 3877 lucit,
1541 3824 1622 3880 quarn
1637 3821 1687 3878 pro
1700 3820 1756 3862 suae
1771 3805 1918 3876 grauitatis

1128 3908 1259 3979 pondere,
1276 3917 1323 3960 aut
1339 3917 1394 3973 prae
1416 3899 1599 3972 spiritualium
1622 3900 1775 3970 graminum
1791 3898 1919 3955 iecnrrdic

1131 4011 1186 4057 tate
1210 4009 1310 4057 terram
1337 4006 1424 4054 roeat.
1444 3994 1483 4052 be
1507 3996 1558 4051 hae
1578 3993 1654 4050 arida
1675 3992 1760 4048 liarid
1781 3991 1917 4062 loquitur,

1130 4093 1249 4150 dicens:
1274 4091 1369 4145 Aninio
1393 4099 1485 4144 nostre
1507 4087 1575 4143 sicut
1600 4097 1672 4140 terro
1696 4087 1753 4139 aine
1774 4100 1845 4153 aqna
1869 4084 1919 4137 tihi

1131 4182 1225 4255 tl'rnl.
1248 4182 1349 4250 exart).
1376 4179 1478 4246 Quanta
1508 4177 1576 4232 teria
1603 4175 1717 4245 spiritus
1745 4172 1919 4236 tortitudinis

1131 4288 1183 4341 est,
1197 4277 1243 4346 qui
1259 4278 1324 4330 dum
1346 4288 1395 4328 uos
1409 4282 1507 4327 eontra
1528 4269 1643 4324 rebelles
1662 4273 1760 4332 motps,
1776 4275 1804 4329 ει
1819 4263 1919 4324 adrer7

1131 4379 1224 4423 santes
1244 4366 1370 4422 incursus
1392 4363 1453 4417 zelo
1474 4360 1649 4417 discretionis
1672 4356 1812 4423 accendit,
1832 4364 1861 4410 ει
1883 4356 1919 4416 ad

1131 4456 1335 4511 exsecutionem
1353 4454 1488 4509 bonorum
1506 4464 1619 4522 opernm
1641 4447 1726 4506 fortes
1743 4455 1771 4502 et
1790 4446 1919 4517 longani-

328 4572 466 4630 instantiae
485 4579 537 4624 tnoe
558 4582 601 4623 me
613 4567 765 4637 debitorem
780 4564 921 4626 constitui,
936 4578 997 4618 cum
1013 4561 1080 4632 peti·
1094 4543 1118 4598 D
1132 4567 1188 4607 ¹¹¹0ss
1205 4550 1309 4613 reddit,
1328 4548 1529 4602 ornamentum
1551 4544 1613 4598 fidei
1636 4551 1738 4598 ⁰⁰⁵¹?ae
1760 4540 1839 4610 quasi
1858 4541 1920 4609 ‘1¹¹¹‘

294 4664 361 4721 tioni
385 4671 438 4718 tuae
462 4673 505 4715 me
524 4656 729 4725 satisfacturum
754 4654 876 4725 promisi.
902 4652 1014 4716 Verum,
1029 4650 1080 4705 etsi

292 4757 416 4830 petitioni
431 4763 483 4810 tuae
495 4752 670 4823 aliquatenus
685 4747 874 4813 satisfecerim,
889 4742 1026 4800 devotioni
1041 4750 1082 4794 ta-

293 4866 356 4906 men
379 4863 434 4904 non
459 4845 577 4922 arbitror
600 4841 794 4919 satisfactum:
817 4837 896 4907 arida
919 4834 1019 4905 quippe
1039 4839 1082 4886 est

294 4950 397 4998 sanctae
411 4938 568 4995 devotionis
583 4935 700 5000 esuries,
714 4943 742 4988 et
760 4931 824 4986 dum
847 4928 918 4983 lame
931 4927 1030 4995 sitique
1045 4923 1083 4976 la·

296 5041 385 5099 horat,
397 5033 509 5101 iustitiae
520 5029 630 5096 mirrlme
641 5029 673 5083 de
687 5027 777 5096 inopia
788 5021 933 5088 soilleiens,
947 5015 1080 5089 percipiet

296 5131 468 5192 arlirrrentum.
487 5121 545 5176 Erit
568 5119 614 5190 tihi
640 5119 753 5188 proinde
776 5124 916 5185 respectus
936 5113 962 5166 in
977 5109 1081 5178 iesum,

295 5235 328 5273 ex
339 5194 394 5286 quo
405 5193 453 5284 tibi
467 5190 547 5282 plene
558 5207 672 5283 satietas
683 5194 829 5283 eerrairahitss
842 5205 888 5259 Est
900 5200 1083 5273 qnippedives

296 5315 325 5365 in
343 5302 439 5364 omues
461 5305 508 5383 qui
530 5308 658 5359 inrorant
672 5298 758 5363 illum,
775 5297 861 5367 etqui
878 5289 948 5349 urr'us
960 5306 1022 5347 cnm
1038 5288 1083 5344 illo

298 5400 415 5455 elileitur
429 5394 550 5466 spiritus,
566 5406 619 5447 non
634 5388 742 5447 deliciet
755 5384 829 5441 omrai
845 5384 926 5440 bono.
941 5381 989 5436 Est
1003 5378 1084 5461 nimi·

301 5509 360 5548 rum
384 5488 446 5546 lons
470 5484 601 5544 bonitatis
623 5479 819 5537 ratsericorota
838 5474 964 5547 pelagus,
979 5485 1012 5527 ex
1029 5483 1084 5538 quo

296 5588 435 5661 prolluunt
459 5593 488 5640 et
511 5579 623 5638 aliluont
644 5577 840 5636 elrarismatum
863 5571 952 5631 dona,
972 5561 1083 5664 flumina

299 5680 460 5753 gratiarum.
481 5673 544 5730 inde
562 5671 613 5741 piis
628 5667 756 5725 cordibus
778 5662 865 5743 inlinit
880 5671 977 5729 magna
994 5652 1084 5721 multrf

301 5772 365 5825 tudo
376 5766 542 5831 dilectionis,
554 5779 635 5845 quarn
651 5751 795 5838 abscondit
808 5751 967 5810 timentibus
981 5763 1011 5804 se
1027 5746 1084 5816 ipse

301 5864 347 5960 qni
367 5863 441 5920 solus
461 5856 599 5931 timendus
618 5861 705 5930 estet
728 5847 871 5932 amandus.
888 5843 983 5900 Timor
1001 5839 1085 5926 ipsius

1132 4644 1246 4699 busdam
1273 4641 1408 4696 sideribus
1432 4646 1548 4694 exornat
1570 4645 1598 4692 et
1621 4635 1716 4705 pingit.
1741 4630 1826 4686 Fides
1848 4633 1918 4685 enim

1132 4740 1188 4793 sine
1204 4735 1325 4805 operibus
1347 4743 1451 4788 mortua
1474 4741 1513 4786 ert
1529 4730 1600 4801 (lac.
1619 4728 1668 4798 n);
1686 4726 1757 4782 sieut
1776 4733 1804 4779 et
1823 4723 1914 4782 lirros-¹

1133 4839 1266 4892 anetarum,
1278 4824 1330 4882 nlsi
1342 4826 1455 4881 haberet
1464 4831 1493 4878 et
1504 4821 1660 4887 luminaria,
1672 4827 1745 4875 esset
1757 4818 1917 4872 obscurum.

1133 4921 1233 4988 erinta
1250 4919 1318 4974 teria
1336 4927 1378 4972 cst
1397 4915 1512 4986 spiritus
1533 4912 1651 4975 consilii,
1668 4911 1725 4978 qui,
1743 4911 1807 4964 dum
1827 4913 1918 4961 astuta

1133 5011 1220 5067 hostis
1240 5009 1350 5079 maligni
1372 5005 1485 5061 consilia
1509 5002 1591 5058 meanti
1614 5001 1731 5056 denudat
1749 5007 1778 5053 et
1802 4995 1918 5066 retegit,

1133 5100 1210 5172 quasi
1226 5099 1357 5169 quasdam
1372 5095 1473 5151 bestias
1484 5102 1512 5148 et
1528 5091 1635 5164 reptilia
1650 5104 1733 5160 super
1747 5086 1846 5142 taciem
1863 5094 1921 5142 ter·

1135 5193 1261 5251 renitaris
1273 5201 1372 5247 nostrae
1384 5186 1506 5258 repentia
1519 5186 1553 5241 ad
1564 5181 1680 5240 cautelae
1691 5190 1790 5236 nostre
1802 5179 1921 5234 circum·

1134 5287 1301 5355 spectionem
1315 5279 1443 5338 ostendit.
1462 5278 1491 5332 ln
1506 5278 1557 5332 hac
1570 5275 1653 5330 etiam
1670 5272 1747 5337 leria,
1768 5269 1794 5325 id
1808 5277 1851 5324 est
1866 5267 1922 5337 spi·

1135 5379 1205 5433 ritus
1219 5375 1337 5439 consilii,
1353 5372 1476 5441 degimus
1494 5367 1603 5438 quando
1624 5365 1658 5422 de
1679 5365 1721 5422 lris
1740 5363 1767 5417 ia
1788 5361 1922 5430 quihusa

1135 5471 1191 5527 beo
1206 5470 1283 5525 nohis
1298 5465 1453 5522 consultum
1467 5470 1520 5525 est,
1535 5457 1636 5515 nostris
1651 5455 1784 5527 proximis
1800 5449 1923 5507 consuli·

1136 5575 1207 5620 mas.
1222 5559 1304 5613 Sexta
1316 5553 1384 5609 seria
1396 5560 1440 5608 est
1453 5550 1567 5622 spiritus
1587 5546 1784 5612 intelligentta,
1797 5540 1843 5609 qni
1856 5539 1922 5593 dun

1136 5633 1237 5706 nostras
1252 5646 1370 5718 regionis
1389 5643 1476 5698 aciem
1498 5638 1674 5695 invisibilium
1689 5632 1846 5704 cognitione
1860 5642 1926 5683 cera

1137 5751 1191 5798 tanr
1202 5753 1231 5800 et
1249 5740 1366 5798 nobilem
1383 5735 1481 5799 reddit,
1495 5733 1573 5803 quasi
1589 5741 1653 5785 tanc
1669 5728 1786 5799 primum
1799 5731 1828 5777 et
1843 5722 1924 5790 plene

1136 5839 1282 5893 formatum
1298 5831 1436 5906 hominem
1456 5829 1484 5885 in
1505 5825 1661 5898 paradisum
1677 5815 1823 5886 uoluptatis
1841 5811 1923 5870 indu·
