4425 6450
330 437 334 443 ,
353 401 407 462 tut
871 400 1041 458 ss'lEPlllth
1061 402 1301 462 ruuuucttltSts
1315 404 1469 463 eetscout
1931 410 1990 469 ῠίδ

352 566 1989 624 -...,

474 672 482 687 ·
582 680 1058 803 susanam
1097 598 1753 809 noannoeane

449 925 450 929 ψ
508 919 896 1041 STATUTA
939 885 1311 1061 ouauuu
1344 927 1843 1046 suuuuuutu.

857 1144 940 1213 (Edit.
957 1144 1026 1216 opp.
1046 1157 1160 1204 curante
1178 1148 1210 1203 ll·
1226 1147 1257 1201 P.
1277 1148 1483 1217 Delicatum.)

1149 1330 1186 1344 η

388 1454 411 1512 Ι.
425 1454 519 1511 Sacris
530 1456 739 1513 auctoritatibus
750 1456 861 1512 Parrum
872 1456 1011 1521 docemur,
1020 1466 1049 1514 et
1061 1468 1135 1515 reeta
1150 1474 1174 1533 Α
1187 1458 1268 1530 plena
1285 1474 1347 1517 cum
1368 1461 1430 1517 aliis
1449 1460 1594 1531 percipere
1617 1460 1773 1531 stipendia,
1794 1462 1840 1531 qui
1859 1462 1886 1517 io
1901 1463 1984 1521 vitrea

346 1548 399 1604 ide
412 1547 551 1603 credimus
566 1562 598 1603 ac
611 1558 745 1611 tenemus,
759 1548 831 1616 orrod
847 1549 946 1602 anima
961 1548 1079 1603 bdelium
1091 1548 1139 1603 de·
1191 1549 1297 1606 Domini
1321 1554 1427 1622 pondus
1450 1552 1506 1619 diei
1533 1561 1646 1624 portant
1663 1563 1692 1609 et
1716 1561 1810 1610 aestus.
1830 1553 1987 1613 statuimus

348 1642 517 1707 tunctorum,
533 1642 579 1711 qui
596 1641 623 1695 iu
638 1639 811 1697 consessione
827 1651 931 1697 sauctae
941 1641 1083 1698 Trinitatis
1097 1642 1140 1698 de·
1191 1638 1285 1709 igitur,
1304 1650 1358 1697 ete.

349 1742 504 1797 cesserunt,
529 1741 558 1788 et
580 1732 710 1788 Ecclesiae
727 1732 898 1790 oracionibus
913 1736 1139 1791 commendantur
1226 1732 1270 1788 ll.
1281 1732 1359 1789 Sicut
1372 1744 1468 1791 contra
1479 1736 1625 1793 desideret
1636 1737 1753 1809 suijuris
1766 1749 1987 1809 contemptores,

345 1827 412 1892 Deo,
423 1834 450 1881 et
464 1824 603 1881 oblatione
620 1826 756 1881 bomiuici
773 1827 894 1896 corporis
909 1828 1030 1896 requiem
1042 1843 1139 1883 couse-
1191 1823 1307 1878 inductae
1318 1833 1382 1880 sunt
1398 1818 1627 1895 prascriptione&
1641 1828 1678 1884 51²
1689 1840 1717 1884 et
1728 1838 1822 1884 cmliii
1836 1830 1987 1886 imminen-

345 1929 468 1988 ouuntur
483 1928 627 1973 aeternam.
644 1918 698 1975 Nos
712 1930 802 1974 autem
818 1920 866 1988 qui
886 1919 978 1974 diviua
992 1920 1138 1990 patientia,
1192 1917 1227 1971 tia
1253 1918 1374 1987 pericula
1394 1933 1443 1975 seu
1460 1920 1572 1987 damna,
1598 1922 1689 1992 sagaci
1712 1923 1913 1978 occurrendum
1941 1932 1987 1979 est

347 2029 401 2068 uon
418 2013 524 2068 meritis
538 2012 640 2068 nostris
653 2012 680 2067 in
704 2011 879 2067 eminentiori
894 2012 979 2083 gradu
995 2013 1074 2082 positi
1091 2028 1138 2067 su«
1191 2011 1361 2080 prouidentia
1375 2021 1404 2068 et
1425 2011 1544 2067 cautela.
1561 2013 1596 2067 Et
1614 2012 1679 2084 quia
1694 2012 1865 2083 temporibus
1881 2013 1986 2069 uostris

346 2122 418 2170 rarus,
433 2107 504 2176 otrod
518 2106 581 2162 aliis
589 2107 769 2175 praedicamus
779 2106 996 2177 uerbo,probare
1009 2108 1138 2164 debemus
1189 2102 1248 2158 dies
1260 2103 1323 2159 unali
1336 2111 1409 2167 sunt,
1431 2103 1459 2157 iu
1475 2104 1574 2172 quibus
1585 2105 1703 2175 abyssus
1715 2104 1886 2175 negotiorum
1905 2104 1983 2163 iuro

343 2197 480 2268 exemplo.
1188 2202 1234 2249 cat
1246 2194 1373 2266 abyssum
1387 2209 1583 2263 expensarum,
1599 2210 1650 2251 uos
1669 2205 1784 2265 paterna
1799 2196 1988 2254 sollieitudine

380 2287 413 2342 ll.
427 2288 513 2344 Paulo
529 2291 651 2360 apostolo
661 2299 820 2356 attestante,
842 2291 987 2347 didicimus
998 2295 1062 2363 quia
1084 2309 1136 2348 na-

348 2379 431 2434 turali
448 2382 636 2438 successionis
654 2384 750 2439 ordiue
764 2393 883 2448 serrato,
898 2394 990 2453 patros
1003 2385 1136 2452 illistron

343 2470 392 2525 biii
409 2472 534 2541 patribus
548 2472 756 2539 thesaurizant,
770 2474 796 2530 id
807 2478 991 2544 attendentes,
1009 2488 1064 2534 etc.

381 2563 425 2620 lll.
443 2563 628 2622 lnstltutionis
650 2566 845 2623 ecclesiasticae
859 2568 964 2637 iorrna,
978 2572 1071 2628 multia
1088 2590 1138 2628 ex-

347 2657 468 2725 cogitata
488 2657 599 2727 uigiliis,
616 2661 765 2714 secundum
781 2660 971 2717 diversitatem
991 2663 1133 2733 locorum,

346 2759 376 2802 et
394 2758 557 2818 temporum,
576 2766 809 2822 personarumque
823 2761 849 2807 et
861 2768 1006 2809 causarum
1019 2756 1137 2810 varieta-

1188 2287 1349 2357 quotidiana
1363 2286 1480 2342 iratrum
1493 2297 1520 2342 et
1535 2289 1732 2344 canonicorum
1748 2297 1906 2343 nostrorum
1932 2290 1987 2344 sti.

1189 2376 1287 2442 pendia
1300 2374 1394 2445 aligeri
1404 2375 1592 2433 desideramus
1604 2378 1695 2447 potius
1712 2392 1794 2447 qttam
1807 2379 1905 2447 minui,
1921 2394 1988 2434 cre·

1189 2481 1267 2521 scere
1282 2482 1363 2536 quam
1378 2468 1479 2536 perire.
1497 2468 1562 2523 lude
1574 2469 1700 2540 estquod
1716 2470 1853 2525 communi
1865 2471 1987 2527 consilio

1188 2565 1216 2611 et
1228 2571 1343 2614 assensu
1358 2558 1473 2630 capituli
1484 2561 1585 2623 nostri,
1597 2571 1651 2616 etc.

1226 2648 1258 2705 li.
1273 2650 1342 2717 Quia
1359 2666 1413 2707 nou
1426 2653 1515 2708 solum
1528 2652 1753 2723 ignominiosum,
1766 2656 1814 2711 sed
1828 2664 1856 2711 et
1872 2658 1985 2727 perico-

1189 2741 1275 2798 losum
1289 2752 1395 2798 coastat
1409 2759 1470 2800 esse
1484 2746 1617 2816 stipendia
1632 2747 1829 2815 ecelesiastica,
1841 2763 1902 2818 quar
1917 2758 1985 2807 suat

347 2850 401 2894 rem
418 2839 535 2895 diversis
553 2841 798 2897 consuetudinibus
818 2843 965 2898 ordinatur
979 2854 1007 2900 et
1022 2847 1135 2917 regitur,
1152 2839 1174 2894 Β
1190 2835 1292 2890 tributa
1305 2838 1447 2906 ebesslffssm
1461 2838 1626 2904 ²¹¹l¹¹¹³i¹¹¹¹b
1644 2839 1670 2893 5¹¹
1685 2848 1777 2910 turpes
1789 2848 1816 2894 0¹
1830 2840 1985 2897 demist·

341 2929 496 2998 disponitur
511 2941 539 2985 et
553 2942 694 2985 servatur:
710 2947 763 2986 uua
778 2942 867 2988 tamen
882 2942 923 2989 est
935 2934 1064 3001 Ecclesia,
1080 2952 1134 2992 una

342 3021 389 3075 Dei
417 3021 552 3087 columba,
575 3038 627 3077 uua
645 3024 712 3078 fides
725 3025 874 3092 catholica,
895 3042 950 3081 uua
967 3028 1133 3084 circumdata

341 3114 475 3169 varietate
497 3115 593 3186 religio
613 3114 779 3171 Christiana.
804 3117 833 3172 ln
857 3118 909 3173 boc
923 3129 1015 3173 autem
1038 3135 1134 3175 onmes

341 3207 456 3278 apostoli
469 3216 495 3262 et
509 3209 660 3279 erarrgeliei
674 3208 772 3266 Patres
782 3224 865 3265 truttm
880 3211 1055 3281 praebuerunt
1068 3227 1134 3266 con-

340 3314 463 3365 seusam,
476 3301 563 3370 utqui
578 3301 658 3356 altari
672 3298 806 3367 seruiunt,
816 3304 850 3358 de
864 3302 945 3358 altari
960 3303 1070 3368 rivaut;
1086 3305 1133 3373 qui

340 3405 449 3460 gregem
456 3390 619 3461 pascrrut,de
627 3394 696 3449 lacte
706 3395 798 3465 gregis
807 3396 890 3451 edant
900 3413 907 3461 ;
919 3397 1037 3451 lrttetum
1047 3398 1134 3453 uiuere

1186 2926 1227 2983 les
1239 2943 1304 2983 risus
1320 2930 1508 2983 consummari
1522 2938 1550 2984 et
1570 2931 1705 2998 consumi,
1720 2931 1891 2987 decrerimus
1905 2946 1985 2987 corn·

1186 3022 1261 3077 ntuni
1276 3022 1389 3077 consilio
1400 3021 1510 3092 capituli
1526 3027 1610 3078 nostri
1628 3024 1737 3077 duratum
1753 3022 1877 3077 mundari
1894 3024 1983 3093 apol·

1186 3113 1289 3168 lutioue
1299 3113 1422 3167 sordium
1436 3121 1465 3169 et
1483 3114 1657 3169 itnmuuditia
1677 3114 1813 3184 lupanari.
1836 3113 1983 3183 Siquidem

1186 3204 1340 3260 concubina
1362 3202 1422 3273 eius
1444 3204 1560 3276 laqueus
1578 3214 1606 3261 et
1627 3205 1722 3276 pedica
1747 3205 1846 3260 aniurae
1871 3205 1981 3275 ipsius,

1186 3297 1325 3353 luxtuiose
1339 3308 1366 3353 et
1378 3297 1525 3368 superflue,
1541 3307 1596 3353 tatu
1613 3300 1746 3354 inornatu
1764 3301 1881 3353 restium
1893 3313 1982 3367 quatu

1186 3389 1214 3444 in
1232 3388 1306 3444 cultu
1322 3390 1447 3458 corporis
1462 3389 1601 3458 impudici,
1615 3398 1643 3443 et
1656 3389 1838 3460 amplexibus,
1851 3389 1891 3443 uti
1906 3389 1982 3444 dici·

340 3482 536 3553 colligant,qui
554 3486 659 3541 uincam
675 3486 799 3556 plantant
817 3496 843 3542 et
857 3488 884 3542 in
899 3488 980 3543 viuea
994 3487 1132 3545 laborant.
1187 3488 1241 3547 lut,
1257 3480 1356 3536 alienis
1372 3481 1524 3536 euertuitet
1545 3496 1696 3552 exponens
1713 3491 1742 3536 et
1763 3481 1930 3551 expendens,
1949 3490 1982 3537 et

340 3574 419 3629 Sicut
430 3577 501 3630 euiru
513 3592 566 3632 uon
582 3578 661 3634 debet
672 3578 776 3649 alligari
789 3595 822 3635 os
833 3579 911 3635 bouis
927 3579 1090 3645 triturantis,
1105 3590 1134 3637 et
1184 3571 1341 3636 effundens,
1357 3583 1384 3628 0¹
1398 3574 1724 3644 egerensecclesltsllws
1739 3572 1930 3644 redditus,qui
1943 3575 1981 3632 ‘tl

340 3665 641 3736 diguusestoperarius
654 3671 779 3725 mercede
803 3686 864 3735 sua,
887 3671 925 3725 ita
938 3672 1134 3741 etpraecipiurr
1183 3665 1313 3738 obsequia
1333 3663 1423 3720 divina
1439 3665 1495 3724 beo
1515 3666 1697 3724 militantibus
1717 3667 1838 3736 deputati
1849 3675 1925 3733 sunt,
1940 3667 1974 3722 in

340 3757 432 3824 utqui
451 3772 504 3811 raon
529 3757 636 3813 laborat
663 3774 716 3815 non
733 3761 890 3816 manducet.
919 3760 1015 3817 Omnia
1041 3771 1132 3816 tamen
1183 3758 1364 3828 turpitudinis
1391 3756 1479 3814 officio
1498 3758 1626 3830 projicit,
1642 3758 1758 3813 devorat
1783 3767 1811 3814 et
1833 3759 1978 3816 absorbet.

341 3848 439 3904 diebus
452 3852 554 3906 ilustris
568 3851 677 3908 infirma
705 3862 770 3909 surrt
789 3864 926 3924 tempora,
954 3865 982 3911 et
1006 3855 1133 3910 lromines
1183 3849 1302 3910 Proinde
1319 3851 1520 3907 lrateruitatetn
1537 3860 1657 3908 uestram
1670 3866 1809 3922 rogamus,
1825 3864 1875 3907 uec
1887 3851 1979 3908 solum

342 3939 448 4009 seipsos
465 3951 592 3999 amantes
603 3951 630 3999 et
641 3956 795 4014 quaerentes
811 3962 871 4016 quae
884 3961 932 4002 sua
944 3956 1016 4011 sunt,
1031 3948 1058 4002 in
1073 3946 1132 4018 plu·
1183 3942 1316 4009 iraterue,
1337 3945 1384 4000 sed
1407 3955 1434 4000 et
1454 3954 1567 4015 paterne
1582 3945 1768 4015 probibemus,
1796 3958 1831 4000 ue
1851 3945 1981 4005 redditae

343 4032 420 4087 ribos
438 4033 570 4091 Ecclesiis
582 4040 775 4095 eorrauuterari
793 4050 819 4096 et
835 4039 965 4095 intitulari
980 4040 1085 4105 volum,
1104 4047 1132 4096 et
1182 4034 1336 4105 btaebendoe
1350 4049 1416 4100 ⁵1¹2.
1429 4034 1510 4090 elicui
1523 4050 1557 4090 0¹
1570 4045 1648 4104 parte
1660 4034 1760 4104 ipsios,
1770 4034 1828 4091 Sive
1839 4034 1979 4104 tltaeditlae

340 4123 368 4177 in
384 4124 498 4195 singulis
507 4128 645 4197 percipere
657 4129 804 4200 stipendia,
818 4131 943 4201 quamvis
955 4132 998 4185 rel
1012 4131 1132 4186 tenuiter
1183 4130 1355 4200 quaestuaria
1366 4128 1480 4185 solvatis
1488 4130 1591 4199 absque
1602 4127 1771 4185 conscicntia
1784 4136 1895 4196 nostra;
1907 4142 1978 4198 quo

340 4229 395 4269 nou
412 4216 570 4273 deserviant
588 4219 614 4275 in
629 4235 695 4275 una.
715 4221 770 4277 Nos
788 4222 954 4277 multitudini
972 4232 1127 4291 parcentes,
1142 4241 1166 4304 c
1182 4219 1257 4274 niatu
1274 4220 1376 4284 omnia,
1389 4234 1450 4289 quaa
1463 4219 1497 4274 ad
1519 4219 1608 4288 ipsum
1633 4218 1771 4289 pertinent
1784 4215 1909 4271 colurnus
1926 4229 1977 4286 per

340 4306 495 4362 etlratrum
513 4310 712 4379 compatientes
727 4312 944 4378 iullrruitotibus,
960 4327 1009 4367 eos
1024 4312 1057 4367 de
1072 4312 1130 4367 col·
1184 4326 1283 4368 manus
1322 4313 1499 4367 honestarum
1521 4318 1550 4365 et
1572 4308 1768 4366 uenerabilium
1793 4321 1976 4379 personarum

340 4397 410 4465 legio
436 4408 541 4464 nostro,
560 4401 606 4469 qui
628 4402 728 4457 amodo
750 4403 875 4457 cauouici
898 4402 1077 4457 instituentur
1100 4402 1128 4458 iu
1183 4405 1297 4461 tractari
1313 4413 1341 4459 et
1361 4403 1477 4472 disponi,
1491 4413 1519 4459 et
1543 4405 1571 4459 in
1586 4419 1653 4460 usos
1666 4403 1785 4461 hominis
1804 4415 1922 4473 corpore
1946 4409 1977 4458 et

340 4487 461 4544 lleclesia
483 4500 587 4557 nostra,
608 4492 631 4548 si
648 4493 757 4548 assidue
778 4495 804 4548 in
824 4505 856 4548 ca
881 4493 1059 4549 mansionarii
1074 4508 1129 4549 uon
1182 4499 1278 4553 auimo
1302 4496 1458 4568 lauguentis
1483 4495 1632 4553 salubriter
1651 4511 1692 4567 ac
1707 4494 1913 4553 rationabiliter
1926 4506 1977 4551 ex-
2044 4554 2047 4561 ,

339 4579 454 4646 iruerint,
470 4596 521 4638 nee
535 4583 647 4640 omniuo
660 4584 770 4654 privare
784 4583 909 4641 uolumus
922 4583 1065 4652 benetlcio,
1078 4600 1130 4641 uec
1181 4584 1275 4656 pendi.

340 4749 1971 4796 μὴ’-πωπω

945 4883 1360 4973 FRAGMENTUM

599 5072 644 5148 lix
667 5071 778 5136 Officio
798 5076 830 5151 S,
855 5073 982 5137 Geroldi
1000 5093 1017 5136 a
1037 5074 1199 5154 stephano
1217 5075 1414 5138 Tornaceusi
1439 5083 1578 5140 exarato.

631 5385 831 5447 auctiones,
1143 5398 1326 5468 benereem
1352 5396 1492 5467 ergastuli,
1511 5396 1633 5455 coelestis
1657 5398 1846 5456 conscendere
1871 5402 1973 5457 meruit

323 5483 325 5498 ²
373 5478 394 5538 Ι.
410 5478 574 5536 Sanctorum
589 5490 715 5545 mortem,
728 5497 836 5553 semper
852 5482 999 5553 pretiosam
1019 5482 1046 5538 in
1060 5498 1127 5541 cou-

335 5582 429 5642 apectu
444 5571 562 5639 bomini,
579 5573 730 5630 beatissimi
743 5573 864 5640 (letaldi,
881 5586 938 5630 tutu
954 5574 1044 5631 Patris
1057 5591 1127 5648 prte-.

335 5663 421 5731 cipui,
442 5675 497 5721 turn
513 5665 596 5721 etiam
611 5665 780 5724 contessoris
792 5668 903 5738 egregii,
916 5669 1039 5725 natalitia
1056 5670 1125 5728 testa

336 5755 530 5811 contruendam
547 5774 555 5811 a
568 5756 628 5825 jure
640 5758 712 5813 enim
726 5758 798 5814 dieto
818 5759 891 5815 sacri
908 5760 966 5830 ejus
980 5761 1013 5816 de
1024 5761 1125 5815 seculo

338 5844 470 5913 transitus
484 5847 635 5912 natalitiam
649 5849 775 5919 dixerim,
791 5868 844 5936 quo
854 5853 982 5909 mundani
998 5855 1125 5934 sectatore

1179 5487 1280 5562 palatia
1296 5488 1394 5560 regni:
1411 5489 1497 5560 decue
1520 5490 1631 5548 sinistra
1648 5492 1799 5549 translatus
1827 5493 1858 5549 ln
1873 5491 1971 5551 dexte·

1179 5594 1258 5649 ram,
1282 5579 1345 5648 iura
1372 5580 1469 5636 mortis
1498 5582 1600 5638 atrocia
1629 5585 1741 5654 perenni
1768 5582 1971 5641 immortalitate

1179 5669 1318 5735 mutarit;
1342 5669 1422 5726 etde
1446 5670 1568 5742 perituro
1595 5682 1622 5727 et
1651 5673 1752 5730 labeuti
1777 5673 1878 5730 saeculo
1905 5689 1970 5729 ere-

1179 5771 1238 5817 ctus
1260 5762 1395 5820 estcoelo.
1419 5760 1488 5819 Vere
1513 5764 1622 5831 beatus,
1647 5766 1870 5821 vereornniiatia
1891 5765 1973 5820 laude

1178 5853 1374 5926 dignissimus.
1398 5855 1441 5912 cui
1467 5858 1635 5928 propositum
1660 5857 1711 5913 suit
1734 5858 1772 5915 ita
1793 5857 1913 5916 militare
1944 5855 1972 5911 iu
