4425 6450
642 397 840 462 sbttttottcs.
855 432 892 448 -·
910 405 1017 470 stltttt.
1035 410 1143 469 xxiii.
1159 411 1192 468 td
1209 412 1385 471 cedebam
1403 415 1588 478 caribdin.

295 509 371 566 euim
388 525 403 566 a
425 512 547 585 prelatis
562 516 739 574 ecelesiarum
760 521 907 583 fructuose
923 526 1126 596 poertiteutinp
1146 524 1221 596 ignis
1243 528 1469 599 inextinguibilis,
1494 539 1522 587 ut
1538 533 1610 591 orale
1624 551 1819 601 conversantes
1833 545 1933 606 timore

295 603 445 659 visitantur
453 607 587 672 consiliis,
598 612 676 678 urrasl
692 613 816 685 lippiam
829 620 906 676 canis
916 621 1038 691 pristina·
1046 636 1089 677 re·

294 694 629 757 stitunntursanitatibd
639 705 708 761 lratrtc
717 709 861 765 scrnitatcut
869 716 1088 784 consequendam

294 788 351 845 duo
362 792 496 862 praecipue
508 799 663 855 necessaria
680 813 825 866 suntcrcra
845 808 951 864 scilicet
964 810 1090 866 bumilia-

295 878 337 933 tin
349 878 544 953 dellnqnentis,
559 897 588 941 et
602 889 645 957 pia
658 894 810 963 compassio
823 899 941 967 pastoris
955 916 963 955 ι
978 912 1010 959 ιιι
1023 904 1087 959 dunt

293 971 379 1042 isqui
395 972 520 1044 delicuit,
535 978 645 1048 planetu
657 995 684 1037 ct
698 988 812 1056 gemitu.
824 990 997 1051 conicssionc
1010 1005 1037 1052 et
1048 996 1088 1051 la-

297 1059 422 1132 chrymis
436 1078 467 1120 se
482 1069 604 1125 ostendit
619 1083 782 1142 correctum,
800 1078 886 1136 bonus
902 1084 1028 1150 praelatus
1047 1086 1087 1142 sie

292 1150 473 1212 buntiliatum
487 1166 515 1213 et
528 1174 724 1232 corripunctunr
747 1169 789 1236 pia
804 1173 995 1242 compassione
1010 1176 1087 1235 beni·

291 1261 346 1317 gne
357 1250 501 1319 suscipiat,
512 1262 540 1309 et
554 1257 740 1315 consolatione
752 1272 863 1333 paterna
873 1266 991 1324 mulceat
1002 1269 1085 1339 justi·

291 1340 504 1415 liceturrr,qnent
514 1348 590 1419 prins
600 1352 729 1409 arrtiseral
739 1357 927 1416 criminosum.
942 1363 988 1419 Sic
999 1364 1086 1423 bonus

291 1430 338 1486 itte
354 1445 449 1503 pastor
472 1452 553 1493 orem
575 1444 712 1510 perditam
741 1452 893 1518 reportarit
918 1454 1085 1515 innumeris

290 1524 351 1581 suis
365 1528 498 1598 pandens,
518 1532 559 1586 sic
586 1546 662 1603 pater
679 1536 734 1592 tilio
757 1554 807 1595 suu
821 1545 935 1612 practico
950 1550 1025 1604 adse
1041 1565 1085 1606 re

290 1619 412 1675 uertenti
436 1624 665 1682 occiditritulum
686 1632 840 1702 saginatum
869 1635 947 1706 (lire.
970 1643 1029 1712 xi),
1043 1643 1085 1702 sio

289 1705 404 1768 Petrum
418 1714 633 1788 lachrymantem
649 1723 780 1781 bortrinns
803 1728 1018 1789 misericorditer
1039 1752 1084 1791 re-

290 1805 398 1871 spexit,
415 1816 443 1863 ct
464 1806 556 1866 llariae
577 1810 745 1885 lingulalcnae
766 1820 878 1877 dimissa
894 1836 957 1880 sunt
973 1838 1083 1896 peccata

1140 618 1266 690 supplicii
1286 637 1301 674 a
1316 622 1468 679 sceleribus
1484 625 1542 681 suis
1557 642 1750 689 coerceantur.

1176 713 1370 768 bebcntetiam
1386 714 1486 784 pabulo
1499 717 1625 789 relicere,
1638 737 1664 777 ra
1677 733 1719 780 est
1729 724 1852 785 doctriua
1864 744 1932 789 mura

1138 817 1167 865 ct
1179 807 1296 879 spiritali
1308 808 1505 868 exhortatione
1519 813 1676 870 cottlurtarc
1683 819 1876 887 pusillanimes,
1883 824 1931 894 qui

1139 899 1229 955 minus
1245 899 1385 957 lerientes
1403 902 1430 955 in
1455 904 1558 960 diuinis
1584 906 1725 980 obsequiis
1743 912 1932 983 inueniuntur,

1139 996 1169 1040 ut
1182 987 1221 1043 sic
1234 987 1261 1043 in
1275 988 1387 1057 praelato
1402 989 1531 1048 Ecclesia
1544 993 1614 1052 lacta
1628 1008 1656 1053 et
1668 1000 1753 1065 dicta,
1763 1001 1818 1057 rita
1835 1013 1863 1058 et
1880 1007 1932 1062 do·

1138 1078 1226 1133 ctrina
1241 1080 1407 1135 conveniant
1422 1097 1430 1135 :
1443 1096 1479 1136 ne
1494 1084 1517 1139 si
1534 1083 1606 1142 lurte
1623 1088 1698 1143 dieat
1715 1100 1744 1145 ct
1764 1106 1818 1146 non
1835 1096 1932 1159 iaciat,

1137 1172 1231 1225 audiat
1246 1170 1311 1226 illud
1325 1172 1439 1227 verbnm
1455 1174 1564 1233 Domini
1588 1187 1688 1234 contra
1709 1193 1740 1236 se
1765 1183 1903 1238 directum
1919 1203 1932 1242 t

1137 1257 1227 1330 Super
1236 1262 1393 1318 cathedram
1406 1263 1493 1337 lloysi
1507 1268 1782 1328 sederuntscribaeet
1790 1272 1931 1344 pbarisaei,

1136 1363 1197 1418 quar
1210 1350 1305 1406 dicunt
1317 1351 1503 1424 laeite,upera
1517 1365 1609 1414 autent
1623 1358 1734 1417 illorum
1749 1362 1933 1422 nolitelaeere

1137 1441 1247 1512 (llottlt.
1273 1443 1345 1516 xxi).
1361 1445 1409 1501 bic
1424 1460 1518 1517 qttarso
1534 1450 1600 1520 quid
1615 1452 1682 1507 mibi
1705 1453 1831 1523 proderit
1850 1455 1874 1509 si
1899 1463 1929 1511 tu

1137 1531 1215 1589 bibas
1231 1548 1331 1605 annam
1347 1551 1454 1605 puram,
1473 1539 1538 1595 mibi
1558 1554 1623 1596 reru
1632 1543 1758 1615 porrigas
1772 1545 1848 1600 illam
1871 1551 1929 1600 tor·

1137 1623 1240 1690 bidom,
1259 1634 1288 1681 et
1307 1628 1422 1696 pedibus
1443 1632 1658 1687 conturbatantl
1672 1632 1731 1691 ttuc
1752 1643 1864 1691 nonest
1883 1650 1929 1691 tute

1135 1715 1259 1783 relicere.
1275 1721 1323 1774 sed
1345 1722 1431 1793 magis
1447 1733 1542 1795 potum
1565 1727 1662 1782 nturtis
1682 1729 1836 1797 propinare.
1853 1730 1925 1785 Gutta

1137 1808 1199 1876 ipsi,
1226 1812 1314 1881 inquit
1328 1816 1471 1885 propbeta,
1486 1833 1586 1887 atpuant
1605 1819 1833 1891 lympidissimam
1846 1824 1927 1879 bibe0

290 1894 389 1963 trtulta,
399 1900 528 1970 qttnuiam
547 1903 642 1960 dilexit
656 1910 770 1964 runlturu
784 1910 860 1982 (luc.
876 1916 935 1986 ru).
949 1916 1014 1972 Etsi
1033 1935 1082 1990 per
1096 1907 1120 1967 Β
1135 1901 1209 1965 selis·
1226 1902 1359 1973 ‘enlm‘
1374 1905 1526 1963 turbabatis
1548 1909 1664 1977 Wdlbul
1678 1912 1788 1978 mulsi
1810 1921 1837 1967 ⁰¹
1858 1927 1926 1969 Μ’

290 1983 500 2048 similitudinem
515 2008 605 2049 rerum
620 1998 766 2068 loquimur,
781 2002 869 2060 lintius
890 2009 1009 2078 agricola
1027 2022 1082 2065 tur·

289 2092 434 2151 ram,qnae
447 2085 534 2155 spinis
547 2089 690 2158 extirpatis
701 2096 841 2163 copiosum
850 2096 967 2155 fructum
980 2111 1079 2172 portat,

289 2174 380 2244 magis
394 2175 492 2247 diligit,
505 2196 587 2249 quatu
605 2184 689 2245 illam,
704 2203 764 2256 tpuae
776 2205 914 2260 nunqnam
925 2194 1017 2263 spiuas
1031 2195 1081 2249 lta·

288 2260 360 2331 lruit,
372 2277 399 2321 et
413 2284 551 2340 nurrqnam
570 2277 680 2331 uberent
693 2278 810 2336 irnctunt
824 2283 896 2338 lecit.
909 2284 984 2343 Solet
999 2286 1081 2341 etiam

287 2362 356 2426 dici,
368 2366 495 2433 quottiam
515 2369 590 2422 curri
608 2370 695 2440 pullos
709 2388 774 2429 suos
794 2376 856 2429 dnm
871 2377 963 2434 rident
976 2396 1024 2436 eos
1036 2384 1081 2438 ni·

286 2469 428 2525 gresccre.
443 2468 470 2513 et
484 2460 525 2514 sui
540 2461 643 2518 similes
664 2463 743 2531 ellici,
761 2467 882 2538 diligenti
908 2470 1081 2533 solicitudine

284 2548 432 2616 president
447 2550 539 2607 illicet
554 2563 667 2623 pascunt
679 2571 737 2619 eus,
750 2560 797 2612 sed
813 2574 894 2628 qnam
919 2563 965 2616 diu
983 2565 1080 2622 rident

284 2652 337 2695 eos
351 2640 491 2699 albescere
504 2655 533 2699 ct
545 2649 701 2703 recederes
716 2647 802 2704 lurrua
815 2654 919 2721 paternii
931 2657 1041 2721 eolnris.
1054 2661 1082 2718 io

285 2733 456 2801 procidendo
468 2737 684 2795 illisalimuniom
702 2758 754 2798 uon
769 2754 831 2800 sunt
855 2745 966 2805 soliciti.
980 2751 1081 2810 Eodem

285 2828 371 2883 ntodo
387 2832 517 2898 praelatus
532 2832 661 2889 Ecclesiae
672 2836 735 2891 dunt
752 2837 824 2893 ridet
847 2841 985 2897 subditum
1000 2861 1079 2902 suum

285 2922 484 2977 contritionem
501 2935 528 2980 et
538 2927 667 2997 operibus
681 2930 849 2999 pertinentia
864 2935 1029 3003 nigrescere.
1053 2948 1080 2996 et

288 3010 422 3068 mutilandi
439 3014 600 3084 inpeccatis
620 3019 688 3087 suis,
705 3020 787 3077 debet
803 3022 878 3077 illum
894 3025 1079 3083 currsnlatinne

284 3103 416 3172 spiritali.
433 3116 461 3162 ct
481 3108 596 3164 consiliu
612 3110 714 3167 salubri
742 3129 866 3183 pascere,
882 3127 910 3172 et
925 3119 952 3172 in
981 3121 1078 3177 triclins

284 3197 421 3255 crtrrtrire.
444 3198 473 3255 Si
494 3216 560 3256 roro
583 3203 762 3260 critniuosunt
789 3207 928 3263 subditum
949 3211 1078 3280 prelatus

284 3290 380 3344 uideat
392 3291 542 3360 albescere,
558 3294 610 3349 ltuc
621 3307 674 3363 est,
694 3299 813 3368 scipsum
836 3299 1000 3371 iustificare,
1017 3307 1078 3362 aliis

284 3394 316 3434 sc
330 3379 480 3449 antclcrre,
495 3392 523 3439 et
548 3394 678 3455 lttttqttam
697 3405 726 3442 re
741 3387 810 3446 berte
821 3401 896 3462 gesta
912 3395 1080 3466 caternsjn-

285 3474 392 3542 dicare,
408 3474 482 3532 lrtttre
499 3491 552 3532 uon
569 3476 724 3547 blanditiis,
742 3483 789 3536 scd
805 3484 895 3552 potius
913 3484 1027 3556 llagellis
1051 3498 1078 3542 ct

284 3566 481 3634 scorpionibus
495 3567 562 3623 ctcdi
580 3566 686 3638 justum
702 3579 756 3626 est.
773 3569 841 3638 Quia
865 3589 927 3628 eum
953 3574 1078 3629 laudatur·

283 3663 417 3722 peccator
436 3655 462 3711 in
480 3656 623 3713 desideriis
635 3659 734 3714 animm
747 3677 812 3726 sum,
825 3671 853 3719 et
868 3663 977 3734 iniquus
992 3665 1077 3722 betre-

284 3746 399 3812 dicitur,
414 3749 562 3804 exacerbat
578 3748 724 3806 bominum
741 3763 881 3823 peccator.

322 3837 412 3908 Super
426 3842 482 3897 liare
495 3842 585 3898 omnia
596 3841 739 3899 solicitudo
755 3846 900 3915 pastoralis
921 3849 1077 3903 necessaria

280 3937 338 3984 est.
364 3929 399 3987 tlt
411 3944 502 3988 mrtem
517 3936 551 3990 de
566 3936 616 3991 bac
629 3935 801 3992 solicitudine
815 3948 954 4006 pastorum
967 3938 1077 4009 colliga·

285 4037 347 4076 atus
355 4022 445 4094 aliqua
457 4040 490 4081 ex
504 4042 595 4084 terrim
609 4030 738 4086 siruilinm
752 4029 898 4085 collatione
912 4044 1002 4101 upcrae
1014 4047 1076 4102 pre·

285 4114 355 4168 tirum
368 4123 411 4170 est
423 4129 431 4170 t
444 4115 537 4173 Burrus
554 4119 700 4188 bubulcus,
716 4123 763 4192 qui
790 4131 893 4178 terrant
907 4136 984 4177 suam
1007 4122 1077 4180 bene

286 4203 346 4260 ruit
357 4207 457 4275 colere,
473 4208 619 4280 diligenter
635 4223 757 4266 aratrum
779 4227 859 4269 suunt
877 4216 1011 4284 sequitur,
1027 4216 1078 4270 uti-

286 4308 333 4352 nat
358 4299 443 4355 bures
464 4310 493 4355 ut
506 4302 634 4371 perliciat
646 4318 714 4374 opus
728 4305 781 4359 diei
799 4319 806 4359 :
826 4320 861 4360 ne
876 4305 947 4362 lurte
967 4316 1077 4375 torpent

285 4405 384 4447 sonmo
405 4391 447 4446 tel
468 4395 525 4448 otio
540 4409 594 4449 uon
617 4395 733 4463 recipiat
756 4393 877 4451 leucium
899 4395 1001 4452 laboris
1021 4397 1075 4463 sui,

285 4483 398 4552 prouida
412 4485 586 4540 solicitudine
600 4488 682 4543 bores
695 4487 842 4559 aliquande
857 4498 939 4544 cantu
958 4499 1075 4555 recreat,

1134 2007 1202 2047 ntem
1228 2008 1291 2064 quar
1317 1996 1479 2054 cortculeata
1505 2009 1597 2065 erant,
1612 2002 1808 2069 uescebantur,
1823 2013 1851 2059 et
1864 2020 1927 2075 quse

1132 2087 1215 2153 pedes
1246 2088 1330 2143 uestri
1355 2089 1550 2156 turbauerunt,
1579 2090 1632 2149 lroc
1654 2093 1787 2150 bibebant
1813 2095 1924 2165 (Eteri.

1132 2178 1241 2245 xxxta).
1263 2176 1393 2236 Pastores
1415 2182 1550 2253 siquidem
1573 2200 1673 2256 aquarn
1696 2184 1924 2257 lyurpidissimam

1132 2268 1226 2325 bibere
1239 2280 1422 2337 est‚reeturcs
1433 2276 1615 2332 eeclesiarum
1630 2290 1767 2349 precepta
1782 2280 1923 2343 beidam

1132 2363 1257 2420 ueritatis
1273 2375 1363 2421 rueme
1379 2369 1508 2425 retinere.
1532 2370 1657 2426 Earrdem
1676 2386 1740 2427 tero
1754 2388 1852 2442 anetam
1876 2388 1924 2443 pe·

1133 2456 1214 2513 dibus
1231 2461 1398 2516 cotrturbare
1414 2468 1466 2528 esi,
1484 2462 1557 2533 ipsos
1572 2462 1700 2520 ccclesia
1715 2475 1837 2520 rectores
1863 2481 1924 2533 quc

1132 2558 1206 2605 reeta
1222 2551 1316 2608 dicunt
1331 2552 1373 2607 uel
1387 2555 1498 2622 sapiunt
1511 2556 1729 2626 malisoperibus
1743 2555 1922 2614 cutrlunderc.

1131 2637 1204 2697 Ores
1230 2658 1296 2698 ueto
1322 2659 1421 2713 aqtram
1446 2646 1563 2715 pedibus
1588 2649 1783 2702 conturbatam
1811 2646 1922 2712 bibunt,

1132 2731 1242 2801 quando
1259 2733 1361 2788 subditi
1385 2751 1439 2790 uon
1454 2751 1489 2790 cx
1506 2737 1549 2792 bis
1568 2753 1629 2807 (ιιι
1649 2739 1756 2809 praelati
1778 2751 1851 2795 reeta
1878 2756 1924 2795 sa·

1131 2824 1221 2893 ploni,
1232 2824 1279 2880 sed
1292 2839 1327 2880 et
1340 2826 1383 2880 liis
1396 2842 1455 2894 ‘prete
1471 2828 1543 2884 ortale
1553 2828 1669 2895 iaciunt,
1683 2831 1800 2885 birrorum
1812 2832 1921 2888 rssretrdi

1131 2916 1280 2986 accipiunt.
1298 2917 1366 2973 Sunt
1377 2935 1442 2989 erpu
1455 2921 1483 2975 in
1500 2922 1663 2978 uestimento
1674 2923 1765 2978 taron
1783 2925 1922 2995 malogra-

1131 3016 1194 3061 nata
1207 3008 1311 3064 inserta
1329 3009 1532 3075 tintirmabulis,
1550 3011 1575 3065 id
1588 3022 1630 3066 cst
1646 3013 1779 3068 uirtutum
1796 3024 1823 3068 et
1836 3018 1923 3070 bonu-

1131 3115 1190 3155 rum
1214 3115 1328 3170 opernm
1356 3100 1488 3156 adsumtio
1512 3116 1575 3157 curn
1602 3119 1670 3159 suno
1696 3106 1921 3175 predicationis,

1131 3207 1165 3248 ne
1180 3193 1248 3248 lortc
1259 3194 1328 3250 alius
1340 3193 1434 3251 rolens
1448 3198 1596 3260 intumuere,
1609 3197 1729 3266 seipsum
1740 3197 1867 3268 judicare
1879 3198 1921 3253 ri·

1131 3286 1240 3342 deutur.

1167 3379 1212 3434 Vis
1227 3395 1292 3451 crgo
1304 3381 1375 3436 seire
1387 3381 1478 3450 qutadis
1487 3381 1611 3437 doctrina
1627 3383 1733 3454 praelati
1746 3397 1808 3439 esse
1822 3384 1921 3440 debetl

1129 3475 1247 3533 Necesse
1267 3487 1309 3530 est
1324 3484 1356 3529 nt
1377 3491 1439 3530 curn
1457 3476 1544 3531 usuali
1567 3487 1676 3532 tnetreta
1702 3477 1803 3532 ltaltcat
1818 3479 1921 3549 alitptid

1129 3582 1284 3622 currttnnue.
1297 3565 1403 3623 lltttteta
1420 3566 1525 3621 trsualis
1539 3566 1591 3621 tria
1603 3569 1706 3624 babere
1726 3571 1818 3635 debet,
1833 3580 1921 3627 rurale·

1129 3661 1208 3728 riatu,
1223 3661 1341 3730 pondus,
1354 3668 1381 3715 el
1396 3661 1513 3715 lurtuant
1533 3676 1541 3714 a
1559 3659 1593 3716 ttr
1617 3663 1653 3717 sit
1667 3665 1781 3716 materia
1794 3665 1919 3732 probata,

1129 3753 1234 3823 pondus
1249 3751 1364 3821 mtpunle,
1378 3749 1464 3806 lerina
1480 3752 1633 3809 autentica.
1648 3753 1782 3809 Similiter
1794 3757 1920 3810 doctrina

1129 3845 1248 3913 pastoris
1263 3845 1386 3898 bactria
1404 3844 1487 3898 debut
1503 3843 1619 3908 babere,
1634 3852 1664 3898 nt
1685 3846 1722 3898 sit
1743 3846 1869 3913 probata,
1893 3844 1920 3899 id

1129 3939 1180 3997 esi,
1193 3932 1268 4001 justa
1289 3943 1318 3987 ιιι
1339 3949 1393 3988 ιιοιι
1411 3935 1509 3989 doceat
1531 3935 1584 3988 uisi
1597 3949 1630 3988 ea
1642 3949 1703 4004 qum
1719 3935 1793 4003 justa
1810 3943 1836 3988 el
1848 3936 1919 3989 botta

1128 4028 1192 4077 suut
1207 4039 1214 4074 ε
1230 4032 1260 4076 ut
1271 4023 1308 4078 sit
1322 4025 1406 4077 ctiam
1428 4025 1597 4092 purrderusa,
1620 4025 1646 4078 id
1671 4036 1726 4087 cst,
1740 4033 1770 4078 ut
1784 4025 1840 4094 ipse
1855 4041 1920 4081 cnm

1127 4114 1248 4185 pondere
1263 4115 1418 4170 doctrinam
1433 4125 1576 4186 proponat,
1591 4117 1641 4171 buc
1654 4124 1707 4180 est,
1725 4126 1755 4171 ut
1766 4118 1874 4171 studeat
1887 4132 1920 4172 es

1128 4206 1220 4264 lacere
1232 4224 1293 4279 quae
1310 4208 1403 4264 uerbis
1419 4209 1478 4264 t’ttll
1499 4209 1697 4281 dogmatizare.
1713 4209 1849 4267 Siutiliter
1873 4228 1919 4268 ue·

1127 4315 1203 4356 cesse
1214 4310 1267 4366 cst,
1282 4310 1311 4355 nt
1329 4301 1455 4356 doctrina
1470 4301 1576 4371 praelati
1592 4302 1628 4357 sit
1645 4304 1799 4368 autentica,
1824 4304 1919 4370 idest,

1127 4393 1268 4448 autoritati
1283 4402 1444 4448 satiatorum
1458 4393 1570 4449 Patr-um
1583 4396 1610 4450 in
1623 4395 1696 4451 nullu
1710 4397 1918 4461 consuminare

1127 4499 1158 4540 ea
1185 4488 1282 4543 deceat
1305 4503 1365 4557 ntra
1392 4490 1526 4545 autoritas
1548 4499 1705 4545 sanctorum
1731 4491 1855 4560 protulit,
1876 4491 1918 4546 rel

285 4577 437 4646 aliquando
464 4580 559 4649 pnngit
572 4579 686 4643 acideo,
702 4580 850 4650 aliquando
862 4581 961 4651 pabulo
977 4582 1075 4647 reiicit,
1093 4605 1115 4660 ὓ
1130 4595 1189 4648 epure
1199 4580 1301 4636 Christi
1317 4581 1436 4637 ueridica
1451 4582 1586 4637 sertteutia
1599 4579 1788 4651 promulgarit.
1804 4581 1920 4649 Propter

285 4676 315 4720 ut
333 4668 376 4723 bis
391 4669 520 4724 omuibus
536 4671 632 4737 adjuti,
649 4682 747 4726 terrant
759 4673 829 4728 bene
843 4674 970 4729 excolant
983 4672 1074 4728 reddi·

285 4773 378 4816 turam
389 4760 510 4818 lructturt
526 4781 604 4819 suum
622 4766 649 4821 in
666 4775 788 4836 tempore
801 4780 964 4835 opportuno.
975 4766 1076 4823 Eudctn

285 4857 368 4909 ruendo
389 4853 477 4911 burrus
491 4866 586 4925 pastor
611 4858 668 4912 sire
683 4859 812 4928 praelatus
834 4858 909 4928 gregi
935 4873 986 4912 suo
1010 4874 1077 4915 eura

285 4949 420 5018 pastorali
442 4951 526 5005 debet
541 4950 683 5017 assistere,
710 4961 739 5005 nt
756 4951 843 5007 ltrrrua
859 4954 949 5024 gregis
969 4954 1010 5009 sni
1028 4969 1078 5024 per

284 5047 441 5119 excurplnttt
464 5044 544 5103 bertae
558 5049 777 5102 conversationis
791 5045 936 5105 efficiatur.
953 5048 999 5103 Sic
1014 5064 1075 5103 eum

284 5140 421 5196 iratribus
438 5139 466 5196 io
479 5140 601 5195 claustro
617 5140 650 5194 ad
667 5139 824 5205 lectionem,
850 5139 876 5193 in
895 5141 1014 5195 oraturio
1042 5141 1076 5196 ad

284 5232 453 5303 orationem,
466 5232 495 5289 in
512 5231 658 5288 relecturiu
671 5231 789 5289 adcibns
798 5247 967 5297 sosimenes,
979 5233 1078 5287 initlor-

283 5326 397 5384 tnitorio
408 5327 442 5381 ad
452 5327 585 5382 duriciam
595 5325 697 5393 lectuli,
711 5324 738 5378 in
750 5326 870 5396 capitulo
883 5327 917 5381 ad
927 5326 1076 5383 correctio·

283 5436 349 5477 uem
372 5419 526 5491 culparum,
542 5429 571 5476 et
586 5433 619 5474 ea
635 5434 697 5489 quac
723 5419 780 5489 ipse
792 5418 869 5488 jubet
888 5418 957 5474 alins
973 5419 1076 5485 lacere,

282 5516 482 5587 opercprimus
494 5513 645 5583 adimplere
658 5528 667 5567 s
680 5509 777 5566 lrabeat
794 5512 820 5566 in
829 5525 878 5567 orc
889 5526 939 5568 suo
952 5521 1075 5576 cantum,

282 5608 313 5666 id
330 5617 375 5664 est
389 5606 598 5679 promissionem
615 5603 713 5659 loturae
728 5602 921 5669 beatitudinis,
935 5603 1077 5660 societatis

283 5701 428 5773 engelicac,
437 5710 466 5756 nt
474 5715 507 5758 ex
518 5700 564 5754 tali
575 5698 754 5770 promissione
763 5695 800 5752 illi
809 5696 855 5768 utri
863 5694 936 5764 lusto
944 5704 971 5752 et
982 5705 1076 5752 saincte

284 5795 392 5862 rirnnt,
407 5794 433 5850 in
447 5791 587 5849 laboribus
599 5791 657 5847 suis
679 5798 851 5846 recreentur.
871 5786 978 5844 Terreat
991 5786 1075 5844 ctiam

285 5884 412 5944 amicans
427 5887 480 5945 boc
493 5892 538 5942 eat
559 5881 801 5941 comminationem
826 5880 922 5939 telem
947 5877 1076 5954 supplicii

1129 4673 1200 4741 qttod
1215 4673 1239 4727 in
1257 4672 1398 4741 rationali,
1415 4672 1487 4742 qrtud
1504 4671 1627 4741 potttilex
1641 4672 1736 4742 legalis
1750 4672 1876 4742 gestabat
1891 4672 1918 4726 iu

1128 4765 1249 4828 pectore,
1267 4759 1412 4816 duodecim
1428 4759 1538 4813 truruiua
1553 4758 1672 4813 filiorum
1690 4756 1772 4811 lsrael
1787 4758 1919 4826 inscript·

1128 4861 1219 4917 ernttt,
1231 4868 1293 4905 enm
1309 4852 1352 4907 luis
1368 4849 1476 4906 daubus
1492 4850 1651 4906 numinibus
1665 4849 1791 4904 doctrina
1805 4849 1917 4904 elteri·
1936 4890 1938 4895 .

1129 4952 1183 5008 tas,
1200 4953 1269 4998 uteo
1283 4945 1341 5013 ipso
1352 4944 1556 5014 significaretur
1567 4942 1718 4996 doctrinam
1736 4940 1841 5012 praelati
1853 4952 1937 5015 w.

1128 5047 1234 5092 ciorum
1253 5034 1365 5089 Patrium
1379 5034 1503 5104 uestigiis
1532 5033 1631 5088 debere
1659 5034 1749 5090 iurdti.
1775 5032 1822 5088 Sic
1850 5044 1919 5102 crsso

1130 5139 1251 5185 rectores
1264 5128 1442 5184 ecelesiarum
1455 5126 1578 5197 exeutplo
1588 5127 1665 5182 bormc
1676 5126 1918 5198 operationissub-

1128 5224 1201 5278 ditos
1216 5223 1324 5276 trabere
1337 5229 1365 5274 et
1378 5234 1447 5274 satra
1460 5218 1618 5273 eruditione
1634 5217 1785 5271 iulbrmars
1807 5214 1916 5276 debent,

1129 5323 1159 5368 ut
1168 5315 1237 5369 benc
1247 5312 1396 5367 uiuenduct
1404 5319 1478 5366 reeta
1491 5310 1612 5365 ducendo
1623 5307 1674 5362 sibi
1688 5307 1753 5375 ipsis
1763 5304 1918 5375 preruinm,

1128 5409 1245 5465 strlrditis
1261 5422 1326 5463 reru
1338 5417 1497 5479 prouectum
1509 5406 1665 5478 acquirant,
1678 5412 1705 5457 ct
1719 5417 1768 5472 pro
1783 5403 1853 5455 botta
1868 5397 1917 5453 etl·

1129 5503 1331 5559 ministratione.
1346 5499 1506 5571 temporalis
1531 5497 1613 5557 cilicii
1630 5495 1715 5552 indie
1730 5490 1917 5547 retributiunis

1128 5612 1182 5652 utta
1205 5610 1266 5650 ettttt
1291 5594 1410 5651 subditis
1435 5601 1596 5647 ntercattlur
1621 5589 1726 5642 instrucre
1742 5584 1769 5636 iu
1785 5581 1915 5650 gattdiuttt

1129 5687 1234 5744 Domini
1247 5691 1300 5754 sui,
1316 5693 1465 5758 prestante
1482 5681 1596 5738 bannitio
1608 5688 1702 5733 nostro
1713 5674 1778 5732 lesu
1792 5671 1915 5739 cbristo,

1129 5780 1206 5851 cujus
1221 5797 1332 5852 regnum
1344 5789 1373 5838 et
1384 5777 1529 5853 imperium
1543 5782 1681 5846 permanet
1700 5771 1727 5826 iu
1749 5768 1840 5826 sca-ula
1869 5778 1917 5824 s:-

1129 5875 1263 5935 culorum.
1276 5874 1373 5931 dauers.
