4425 6450
564 379 674 436 905

1466 367 2013 427 sammullam!
2049 368 2229 426 uum
2271 367 2604 439 QmNQuss.
2640 397 2711 408 —
2739 365 2868 422 Lm.
2911 367 2951 422 l.

567 506 718 552 tatur
740 496 855 550 liaec
872 491 1037 548 dictio
1064 490 1374 560 principium
1394 487 1662 556 adjective
1684 488 2043 557 posita.Sicut
2068 488 2156 542 in·
2185 494 2236 554 Α
2265 486 2526 557 Spiritum
2572 493 2859 549 sanctum;
2894 498 3024 554 ergo
3057 482 3219 541 Pater
3248 495 3304 542 et
3330 486 3502 545 Filius
3536 499 3661 546 sunt
3694 491 3840 550 idem

563 601 806 659 coiigrue
837 586 1034 640 dicitnr
1054 582 1216 637 Pater
1241 591 1290 637 et
1306 580 1475 636 Filius
1499 589 1620 635 sunt
1640 580 1855 651 spirans
1879 579 2145 650 Spiritum

565 675 950 741 sanetumlvet
977 673 1238 730 Socrates
1259 681 1312 727 et
1337 670 1492 727 Plato
1520 682 1647 727 suut
1673 671 1864 726 botius.
1894 669 2047 727 Unde
2072 670 2150 726 illi

566 766 1034 842 argumentationi
1070 780 1175 836 qua
1215 765 1316 820 lioc
1339 761 1794 827 concludebatur,
1826 762 1879 816 in
1913 763 1999 818 his
2028 777 2155 833 pos·-

567 872 658 919 set
697 861 827 916 ferri
875 859 1157 915 instantia.
1191 855 1363 911 Multo
1406 856 1586 911 minus
1643 854 1860 911 videtur
1913 869 2154 927 congrue

566 953 981 1021 dictum,Pater
1002 960 1085 1007 est
1111 949 1331 1021 aliquod
1360 948 1687 1020 principium
1715 946 1954 1018 Spiritus
1975 948 2151 1004 sancti

569 1050 654 1104 vel
682 1063 883 1113 unum;
914 1060 1040 1101 cum
1073 1043 1401 1098 dictionibus
1427 1040 1695 1110 adjective
1724 1042 1921 1113 positis
1959 1042 2152 1097 incon·

569 1158 705 1218 grue
733 1141 1081 1210 complentur
1126 1137 1242 1194 lime
1274 1138 1499 1192 nomina
1537 1151 1721 1201 unum,
1747 1134 1984 1205 aliquod.
2021 1133 2154 1200 Quis

566 1242 738 1305 enirn,
773 1236 911 1292 dicit
943 1234 1219 1298 Socrates,
1239 1244 1324 1290 est
1339 1232 1537 1301 aliquis
1574 1232 1729 1285 albus
1769 1231 1962 1285 hoino?
1986 1233 2156 1285 inulto

569 1332 753 1386 miuus
795 1337 975 1398 potest
1025 1325 1141 1380 lieri
1183 1324 1373 1380 relatio
1423 1324 1489 1377 ad
1542 1323 1679 1379 lianc
1725 1322 2015 1377 dictionem
2059 1335 2155 1391 per

567 1426 719 1497 qnid,
752 1423 832 1476 vel
862 1435 959 1488 per
986 1420 1145 1492 quod,
1175 1435 1296 1474 cum
1326 1419 1429 1473 hoc
1467 1433 1663 1473 nomen
1716 1433 1823 1471 non
1873 1417 2145 1471 reseratur

573 1520 680 1573 nisi
712 1517 779 1570 ad
799 1514 1094 1570 dictionem
1113 1513 1345 1583 positam
1369 1510 2153 1580 subiective,quemadmodum

570 1611 626 1664 in
670 1607 1014 1665 naturalibus
1061 1605 1362 1662 seeundum
1410 1605 1694 1676 quosdam,
1721 1619 1845 1659 cum
1892 1604 2014 1659 dico
2044 1604 2155 1660 dies

565 1712 646 1757 est
674 1712 899 1770 tempus,
923 1714 1044 1756 cum
1078 1699 1180 1754 boc
1207 1711 1401 1752 nomen
1432 1706 1658 1765 tempus,
1685 1695 1827 1764 qnod
1861 1696 2157 1751 substanti-

569 1810 698 1849 vum
725 1803 830 1859 est,
846 1792 1108 1864 adjective
1140 1789 1503 1861 ponitur,non
1536 1787 1730 1857 recipit
1756 1786 2155 1855 adjunctionem

2260 580 2590 651 principium
2639 577 2878 650 Spiritus
2916 576 3128 645 sancti;
3159 593 3289 649 ergo
3322 579 3484 637 Pater
3511 591 3595 637 est
3636 585 3842 654 princi-

2254 673 2403 741 pium
2433 671 2667 742 Spiritus
2690 668 2861 726 sancti
2886 671 3028 738 qnod
3046 679 3129 725 est
3150 670 3356 737 Filius;
3386 674 3574 729 eadent
3604 675 3837 744 ratione,

2255 765 2418 821 Pater
2445 775 2529 820 est
2560 763 2885 834 principium
2939 761 3182 833 Spiritus
3220 766 3393 821 sancti
3430 770 3575 836 quod
3628 780 3712 825 est
3753 774 3839 828 vel

2258 873 2363 913 non
2398 866 2482 912 εει
2511 856 2750 926 Spiritus
2778 867 3025 916 sanctus,
3059 860 3138 912 Ad
3163 861 3307 929 quod
3339 862 3440 933 ipsi
3470 860 3663 919 dicunt
3686 867 3836 935 quod

2256 948 2334 1004 nil
2381 956 2540 1003 nocet
2570 948 2615 1004 si
2662 948 2957 1018 recipiatur
3003 952 3149 1021 quod
3189 951 3356 1009 Pater
3395 964 3451 1010 et
3495 955 3667 1011 Filius
3712 968 3843 1013 sunt

2258 1042 2401 1098 idern
2420 1042 2767 1111 ,principium
2802 1043 3041 1113 Spiritus
3069 1049 3268 1112 sancti,
3300 1048 3352 1103 id
3382 1058 3467 1104 est
3503 1053 3695 1106 eadent
3725 1054 3842 1123 spi·-

2258 1133 2469 1190 ratioue
2498 1133 2710 1204 spirant
2747 1133 3010 1203 Spiritum
3053 1147 3341 1205 sanctuin;
3377 1141 3472 1195 sed
3504 1145 3723 1210 quando
3755 1159 3844 1215 po·

2257 1229 2406 1283 nitur
2451 1228 2695 1298 ibiquod
2725 1235 2824 1292 est,
2868 1243 2977 1283 nou
3028 1231 3428 1289 admittendum
3483 1238 3627 1293 sient
3678 1241 3840 1298 lioino

2257 1322 2399 1375 idem
2429 1329 2513 1375 est
2562 1335 2763 1391 genere
2802 1337 2927 1376 rum
2960 1323 3138 1388 asino.
3169 1340 3277 1380 non
3326 1336 3508 1385 tamen
3556 1332 3719 1387 liouio
3759 1345 3844 1390 est

2258 1411 2399 1467 idem
2440 1426 2636 1481 genere
2673 1413 2815 1484 quod
2855 1423 2940 1468 est
2988 1415 3176 1471 asinus
3215 1416 3298 1472 vel
3338 1436 3444 1473 non
3492 1422 3695 1479 asinus.
3733 1425 3848 1479 Ma-

2256 1501 2426 1571 gister
2471 1509 2650 1557 tamen
2705 1517 2858 1557 meus
2903 1503 3017 1574 (88)
3050 1504 3101 1559 in
3131 1506 3278 1562 nullo
3312 1508 3502 1567 voleus
3547 1513 3844 1573 detrahere

2257 1591 2471 1647 veritati
2503 1592 2786 1665 theologiae
2815 1606 3038 1666 propter
3063 1604 3550 1668 grainmaticornm
3589 1607 3844 1663 conside·

2261 1685 2523 1741 rationem
2551 1691 3007 1754 conservandam,
3039 1690 3199 1762 longe
3226 1695 3458 1751 ulterius
3495 1698 3583 1753 liic
3614 1716 3843 1770 progre-

2258 1775 2427 1838 ditur,
2460 1776 2648 1832 dicens
2696 1781 2839 1848 quod
2889 1779 3049 1835 Pater
3092 1792 3176 1837 est
3226 1786 3555 1856 principium
3607 1790 3846 1861 Spiritus

569 1886 736 1956 liujus
763 1885 1004 1941 nominis
1029 1899 1214 1949 unum,
1243 1882 1329 1936 vel
1362 1880 1686 1936 relationem
1715 1876 1878 1945 liujus
1917 1877 2154 1931 nominis
2185 1862 2229 1917 Β
2256 1871 2450 1931 sancti,
2467 1872 2608 1941 quod
2621 1888 2724 1926 nou
2746 1883 2819 1927 est
2838 1871 3070 1943 Spiritus
3088 1886 3321 1941 sanctus
3336 1882 3846 1949 passimadmmem

566 1980 733 2050 quod,
747 1986 806 2031 ut
832 1978 1046 2032 dicatur
1072 1977 1182 2028 dies
1216 1981 1296 2027 est
1326 1972 1545 2042 aliquod
1572 1984 1795 2042 tempus,
1830 1972 1913 2027 vel
1942 1979 2154 2036 tempus

564 2071 716 2139 qnod
745 2080 848 2138 est,
874 2067 959 2123 vel
985 2066 1129 2138 quod
1157 2082 1265 2121 non
1291 2073 1400 2119 est.
1424 2064 1691 2119 Similiter
1713 2072 1890 2119 statua
1912 2070 1999 2117 est
2021 2074 2157 2131 opus

571 2162 845 2226 lioniinis;
878 2162 1175 2217 secuudum
1222 2158 1360 2213 alios
1398 2172 1504 2213 non
1554 2165 1737 2225 potest
1783 2156 1889 2211 dici
1937 2153 2155 2220 aliquod

569 2270 709 2324 opus
738 2252 994 2318 hominis,
1022 2252 1105 2306 vel
1133 2266 1271 2321 opus
1302 2249 1444 2318 quod
1476 2237 1584 2314 est,
1613 2246 1698 2302 vel
1734 2245 1880 2318 quod
1912 2259 2019 2300 non
2051 2254 2154 2299 εει.

648 2346 703 2400 S'i
733 2359 858 2397 vero
883 2344 1100 2399 dicatur
1128 2344 1230 2396 Ιιοε
1255 2342 1472 2394 nomine
1499 2337 1797 2409 significari
1832 2335 2156 2391 relationem

572 2454 642 2492 eo
679 2437 839 2492 niodo
876 2451 984 2506 quo
1020 2433 1366 2506 significatur
1411 2432 1513 2487 hoc
1559 2432 1781 2485 nomine
1814 2429 2056 2496 spiratio,
2104 2426 2159 2481 id

570 2541 659 2586 est
686 2526 1102 2591 tnatliematice;
1138 2540 1328 2581 verum
1359 2524 1582 2594 quidem
1612 2530 1699 2577 est
1733 2521 1880 2592 quod
1913 2519 2078 2573 Pater
2103 2526 2161 2574 et

572 2622 745 2680 Filius
789 2631 919 2679 suut
950 2634 1118 2675 unum
1149 2617 1477 2688 principium
1509 2613 1746 2686 Spiritus
1785 2610 1964 2666 sancti
2011 2609 2156 2680 quod

573 2727 793 2774 nonest
824 2716 1059 2786 Spiritus
1083 2723 1331 2774 sanctus,
1366 2711 1416 2764 id
1453 2719 1539 2764 est
1580 2722 1690 2763 una
1720 2707 1952 2777 spiratio
1986 2704 2162 2775 Spiri-

577 2819 665 2862 tus
693 2805 866 2862 sancti
897 2819 1017 2875 quae
1047 2819 1152 2857 uon
1180 2811 1263 2857 cst
1287 2800 1527 2871 Spiritus
1569 2807 1792 2853 sanctus
1815 2796 1938 2853 :sed
1964 2810 2161 2852 secun-

573 2901 706 2953 dnm
752 2896 873 2965 lioc,
907 2912 1030 2952 cum
1082 2896 1222 2951 idem
1272 2894 1342 2949 sit
1387 2892 1601 2946 Patrem
1657 2905 1778 2947 esse
1831 2889 2159 2961 principium

575 2990 817 3062 Spiritus
841 2988 1040 3056 sancti,
1069 2996 1125 3045 et
1157 3001 1280 3043 esse
1307 2985 1665 3056 spirationem
1693 2982 1929 3053 Spiritus
1957 2980 2155 3045 sancti;

577 3083 725 3139 sicut
754 3098 861 3138 nou
900 3092 981 3139 est
1015 3084 1154 3137 idem
1190 3080 1406 3135 Patrem
1425 3093 1547 3134 esse
1572 3077 1810 3140 l’atrcui,
1841 3083 1897 3130 ει
1922 3088 2042 3131 esse
2065 3089 2160 3144 pa-

2260 1961 2603 2030 relationein;
2635 1973 2691 2019 et
2721 1967 2863 2036 qnod
2907 1965 3071 2023 Pater
3115 1979 3204 2024 est
3233 1972 3563 2042 principium
3600 1977 3840 2048 Spiritus

2258 2053 2433 2107 sancti
2477 2055 2618 2125 quod
2663 2065 2740 2110 est
2777 2055 2976 2124 Filius,
3004 2059 3105 2115 sub
3155 2061 3258 2115 lioc
3300 2078 3485 2127 sensu.
3511 2065 3627 2135 82
3670 2069 3723 2123 id
3759 2078 3845 2125 est

2260 2145 2423 2201 Pater
2462 2157 2548 2203 est
2591 2149 2808 2219 spirans
2836 2150 3098 2220 Spiritum
3146 2165 3423 2222 sanctum,
3453 2166 3506 2212 et
3543 2160 3716 2217 Filius
3748 2176 3845 2217 ea-
3904 2216 3909 2221 .

2261 2235 2383 2297 dem
2429 2239 2650 2294 notione
2680 2250 2765 2295 est
2801 2243 3038 2310 spiram,
3072 2253 3129 2299 et
3155 2246 3483 2314 praeditatur
3510 2248 3584 2303 ibi
3614 2250 3718 2307 lioc
3746 2269 3845 2309 no-

2262 2329 2406 2385 mine
2429 2333 2745 2402 principium
2785 2336 3036 2404 spiratio,
3063 2346 3120 2393 et
3150 2338 3459 2408 copulatur,
3487 2351 3544 2398 et
3573 2343 3846 2413 adjective

2259 2422 2479 2491 ponitur
2522 2423 2593 2477 ibi
2639 2425 2742 2479 lioe
2772 2441 2970 2482 nomen
3005 2438 3060 2483 et
3090 2430 3157 2484 ad
3206 2432 3380 2500 ipsum
3426 2434 3490 2488 lit
3528 2434 3719 2491 relatio
3748 2454 3846 2507 per

2261 2513 2365 2567 lioc
2393 2528 2585 2567 nornen
2614 2520 2791 2584 quod,·
2819 2518 2962 2585 qnod
2996 2519 3047 2571 in
3080 2521 3311 2575 naturali
3343 2522 3607 2581 facultate
3638 2541 3845 2596 nequa-

2261 2619 2425 2674 quam
2460 2607 2731 2674 repetitur
2762 2616 2821 2661 ut
2847 2609 2916 2662 ad
2943 2623 3139 2665 nomeu
3175 2610 3447 2680 adjectlve
3477 2615 3712 2684 positum
3749 2618 3845 2675 liat

2263 2695 2456 2752 relatio
2486 2712 2584 2766 per
2616 2697 2717 2752 hoc
2761 2713 2955 2755 nomen
2981 2702 3142 2772 quod.
3197 2702 3256 2757 Si
3302 2705 3426 2775 quis
3465 2722 3598 2779 ergo
3642 2709 3844 2767 inserat

2262 2789 2357 2854 ita,
2386 2788 2548 2844 Pater
2588 2802 2673 2847 est
2714 2791 2933 2860 aliquod
2989 2796 3318 2866 principium
3368 2797 3609 2867 Spiritus
3663 2806 3839 2860 sancti

2262 2881 2407 2950 quod
2447 2898 2552 2936 nou
2585 2893 2670 2937 est
2713 2882 2951 2953 Spiritus
2992 2896 3250 2955 sanctus;
3285 2904 3416 2960 ergo
3455 2891 3664 2963 aliquid
3696 2898 3844 2966 qnod

2260 2983 2346 3030 est
2392 2975 2715 3047 principium
2756 2978 2991 3049 Spiritus
3022 2981 3201 3035 sancti
3238 2992 3292 3036 et
3345 2997 3450 3038 non
3484 2994 3569 3040 est
3602 2984 3844 3056 Spiritus

2262 3076 2506 3123 sanctus.
2557 3068 2819 3125 Fallacia.
2866 3069 3029 3126 Pater
3074 3081 3157 3127 est
3199 3073 3397 3143 aliquis
3440 3091 3716 3147 generans
3749 3083 3842 3151 qui

579 3173 922 3238 ternitatem,
953 3187 1063 3227 nou
1107 3171 1217 3228 erit
1251 3169 1392 3226 idem
1426 3167 1647 3223 Patrein
1675 3182 1798 3222 esse
1829 3166 2155 3237 principium
2185 3198 2230 3256 C
2263 3176 2372 3217 non
2407 3169 2493 3218 est
2517 3161 2714 3231 Filius3
2740 3177 2874 3236 ergo
2900 3173 2986 3222 est
3015 3164 3225 3236 aliquid
3266 3170 3413 3238 «guod
3450 3183 3538 3226 est
3572 3187 3847 3243 generans

577 3268 823 3337 Spiritus
861 3266 1032 3322 sancti
1074 3272 1129 3319 et
1169 3264 1381 3335 spirare
1423 3261 1685 3332 Spiritum
1740 3268 2023 3322 sanctum,
2057 3257 2158 3313 nisi

578 3361 795 3417 dicatur
824 3359 967 3428 quod
999 3358 1101 3413 hoc
1134 3369 1331 3410 nomen
1352 3352 1666 3425 principium
1686 3349 1963 3421 aequivoce
1992 3349 2160 3420 signi-

582 3454 709 3510 sscat
735 3454 887 3508 illam
918 3452 1332 3522 proprietatem,
1349 3458 1403 3502 et
1427 3444 1692 3513 adiective
1718 3453 1775 3499 et
1796 3444 2156 3507 substantive;

580 3563 704 3603 curn
734 3556 912 3601 tamen
932 3560 1054 3600 eam
1083 3544 1255 3613 magis
1278 3541 1590 3612 significare
1619 3539 1871 3592 videatur
1906 3535 2161 3592 substan-

584 3640 716 3708 tive,
749 3656 872 3696 cum
899 3639 972 3694 sit
1015 3636 1438 3694 substantivum.
1470 3634 1552 3693 Ad
1583 3634 1688 3688 hoc
1719 3631 1940 3703 quidam
1972 3631 2165 3686 dicunt

580 3727 662 3798 (iu
689 3737 844 3798 parte
873 3728 1193 3782 recedentes
1234 3739 1264 3777 a
1302 3723 1735 3778 consideratione
1765 3720 2159 3792 grammatico-

585 3835 728 3886 rum,
764 3831 868 3871 non
904 3832 972 3872 ex
1013 3824 1126 3870 toto
1161 3814 1365 3883 tamen)
1402 3811 1545 3881 quod
1584 3827 1711 3867 eum
1743 3813 1886 3876 dico,
1920 3809 2082 3864 Pater
2107 3818 2157 3863 et

585 3908 761 3964 Filius
815 3918 935 3963 sunt
975 3906 1293 3976 principium
1330 3902 1563 3972 Spiritus
1602 3902 1797 3969 sancti,
1828 3903 1932 3958 hoc
1968 3915 2164 3956 nomen

583 4003 908 4059 relationem
937 3999 1217 4071 significat
1265 4007 1320 4052 et
1362 3994 1582 4064 copulat
1615 4005 1672 4049 et
1697 3995 1942 4066 apponit,
1964 4005 2020 4050 et
2059 4010 2165 4049 non

585 4109 873 4168 personam
903 4094 988 4148 vel
1017 4091 1335 4148 essentiam.
1365 4089 1446 4144 llli
1492 4104 1602 4144 non
1650 4087 1940 4157 recipiunt,
1974 4087 2168 4142 Divina

584 4189 806 4244 essentia
847 4197 920 4242 est
957 4186 1270 4255 principium
1308 4180 1534 4252 Spiritus
1573 4184 1772 4246 suncti,
1811 4181 1954 4236 sicut
1990 4181 2168 4234 divina

584 4282 811 4338 essentia
842 4291 916 4335 est
940 4278 1106 4334 Pater
1129 4278 1279 4334 Filii.
1313 4277 1449 4332 Nam
1480 4292 1602 4332 cuin
1643 4278 1747 4332 hoc
1778 4291 1976 4332 notneu
2005 4272 2169 4329 Pater

585 4382 830 4446 apponat
862 4386 1150 4444 personant
1177 4385 1301 4427 cum
1331 4370 1575 4435 notione,
1606 4371 1711 4426 hoc
1742 4382 1940 4424 nomen
1973 4368 2171 4437 princi-

583 4470 732 4540 pium
765 4466 940 4523 solam
986 4463 1263 4520 notionem
1312 4463 1560 4534 apponit.
1598 4461 1714 4519 Nec
1761 4465 1942 4518 niluus
1988 4468 2168 4517 tannen

2264 3264 2318 3311 et
2342 3270 2447 3311 non
2480 3265 2564 3312 est
2593 3255 2783 3323 filius,
2816 3257 2961 3327 quod
3003 3258 3202 3315 salsum
3230 3268 3351 3328 est;
3379 3263 3481 3318 nisi
3510 3263 3681 3322 dictio
3709 3281 3847 3321 neu-

2262 3344 2403 3405 trius
2424 3350 2642 3420 generis
2662 3349 2875 3406 scilicet
2897 3349 3097 3422 aliquid
3120 3353 3423 3423 accipiatur
3448 3357 3842 3424 personaliter.

2264 3438 2468 3510 aliquid
2489 3481 2504 3506 ,
2536 3440 2588 3495 id
2619 3450 2702 3497 est
2737 3440 2918 3511 aliqua
2951 3459 3176 3513 persona
3197 3485 3213 3511 ‚
3243 3446 3324 3500 sic
3355 3446 3518 3502 etiam
3550 3449 3845 3519 reciperet,

2267 3530 2386 3600 ipse
2413 3530 2578 3586 Pater
2607 3541 2689 3588 est
2716 3533 2924 3602 aliquid
2967 3536 3111 3604 quod
3141 3545 3227 3591 est
3256 3537 3583 3608 principium
3605 3540 3848 3610 Spiritus

2266 3624 2441 3680 sancti
2467 3634 2522 3680 et
2543 3639 2648 3681 uon
2679 3636 2764 3681 est
2792 3624 3027 3694 Spiritus
3057 3637 3373 3694 sauctus,et
3399 3630 3579 3701 aliqua
3614 3649 3848 3702 persona

2267 3729 2388 3784 quoe
2411 3726 2500 3772 est
2520 3717 2849 3789 principium
2879 3717 3120 3788 Spiritus
3150 3720 3325 3774 sancti
3349 3730 3404 3775 et
3428 3736 3533 3777 non
3563 3732 3648 3779 est
3677 3724 3852 3796 Spiri-

2270 3816 2355 3863 tus
2384 3816 2628 3864 sanctus.
2674 3809 2792 3874 Quo
2832 3819 3009 3865 tamen
3045 3811 3193 3877 dato,
3226 3812 3270 3867 si
3302 3813 3426 3880 quis
3456 3812 3680 3880 itil'erat,
3715 3830 3849 3886 ergo

2269 3901 2431 3956 Pater
2463 3911 2547 3956 εει
2568 3899 2774 3970 aliquid
2802 3905 2948 3970 quod
2981 3919 3085 3957 non
3114 3914 3199 3958 est
3228 3891 3466 3972 Spiritus
3497 3917 3755 3973 sanctus;
3792 3909 3848 3965 in

2269 3997 2459 4053 eodeni
2488 3998 2720 4052 instaret
2757 3999 2859 4065 sic,
2893 3999 3053 4054 Pater
3090 4009 3177 4054 est
3207 4001 3414 4071 aliquid
3442 4004 3588 4073 quod
3619 4017 3851 4074 generat

2269 4100 2324 4144 et
2369 4106 2477 4147 non
2515 4099 2599 4144 est
2637 4089 2836 4155 Filius;
2885 4105 3016 4161 ergo
3058 4100 3143 4147 est
3181 4091 3387 4162 aliquid
3426 4096 3572 4165 quod
3616 4111 3723 4151 non
3764 4106 3851 4154 est

2271 4184 2467 4242 Filius.

2340 4277 2472 4333 ltem
2496 4288 2691 4333 contra
2722 4277 2826 4332 lioe
2857 4277 2929 4332 ita
2959 4276 3239 4347 objicitur,
3272 4280 3414 4336 idem
3436 4289 3519 4337 est
3550 4282 3700 4339 Patri
3726 4298 3852 4342 esse

2271 4370 2598 4441 principium
2635 4368 2873 4439 Spiritus
2906 4369 3081 4425 sancti
3112 4380 3168 4426 et
3195 4370 3405 4440 spirare
3432 4371 3695 4444 Spiritum
3720 4393 3852 4433 san·

2271 4472 2438 4529 ctum,
2464 4473 2521 4520 et
2546 4462 2684 4519 Filio
2709 4462 2995 4529 similiter;
3023 4462 3192 4519 Pater
3221 4474 3278 4518 et
3305 4463 3476 4520 Filius
3506 4475 3636 4521 sunt
3682 4483 3849 4524 unum

587 4574 831 4631 congrue
877 4558 1097 4629 ponitur
1156 4573 1280 4613 cum
1328 4572 1396 4613 eo
1440 4557 1546 4612 lioc
1594 4569 1792 4611 nomen
1819 4571 1981 4610 unum
2004 4568 2169 4610 causa
2203 4540 2249 4596 n
2275 4556 2603 4627 principium
2633 4555 2869 4625 Spiritus
2893 4554 3103 4619 sancti;
3129 4568 3260 4626 ergo
3288 4565 3412 4611 sunt
3439 4573 3603 4613 unum
3631 4559 3853 4628 spirans

586 4648 812 4719 majoris
864 4648 1254 4719 expressionis,
1291 4661 1415 4702 cunt
1467 4646 1689 4714 dicitur,
1720 4643 1881 4700 Pater
1908 4654 1958 4701 et
1991 4642 2166 4697 Filius

586 4751 713 4799 stim
754 4757 919 4796 unum
953 4740 1272 4810 principium
1309 4738 1543 4808 Spiritus
1585 4739 1773 4801 suncti,
1805 4744 1865 4790 nt
1915 4751 2014 4806 per
2065 4737 2168 4791 lioc

584 4832 912 4892 ostendatur
941 4832 1086 4903 quod
1115 4829 1281 4886 Pater
1303 4831 1498 4886 eadem
1527 4829 1827 4900 spiratione
1851 4829 2024 4898 spirat
2045 4826 2169 4896 Spi-

588 4931 755 4988 ritum
776 4937 1028 4986 sanctum
1062 4940 1171 4998 qua
1208 4934 1263 4981 et
1305 4922 1504 4990 Filius,
1529 4936 1634 4978 uon
1682 4920 1805 4976 ideo
1849 4929 2029 4975 tamen
2071 4919 2171 4974 ad·-

584 5023 817 5082 nittunt
840 5018 1161 5077 relationem
1190 5026 1251 5073 ut
1275 5015 1515 5086 dicatur,
1540 5013 1707 5071 Pater
1742 5023 1820 5068 est
1847 5012 2169 5084 principium

586 5112 823 5190 Spiritus
844 5113 1039 5183 saneti,
1064 5110 1207 5177 cuod
1224 5118 1303 5167 est
1328 5108 1408 5166 uel
1431 5124 1534 5165 non
1562 5119 1639 5165 est
1662 5106 1897 5179 Spiritus
1922 5115 2169 5170 sanctus:

586 5208 737 5267 stent
760 5206 871 5265 ista
894 5206 1009 5263 duo
1036 5198 1293 5261 usam
1330 5214 1537 5275 genere
1561 5208 1649 5258 vet
1690 5200 1902 5272 speeie3
1933 5213 2040 5255 non
2085 5209 2172 5256 ta-

586 5317 714 5361 men
738 5313 942 5373 genera
966 5297 1114 5369 ιιιιιιιι
1142 5301 1247 5357 est.
1275 5297 1363 5353 rel
1391 5295 1531 5369 quud
1551 5309 1659 5349 ιιι-,ιιι
1687 5305 1791 5349 est.

658 5393 734 5449 At
762 5393 905 5453 dicet
916 5393 1146 5463 aliquis,
1175 5389 1339 5449 Pater
1371 5397 1431 5445 st
1455 5385 1627 5445 Filius
1663 5397 1787 5445 sunt
1815 5402 1983 5445 unum
2006 5385 2170 5460 priu-

586 5489 806 5573 ulpian}
820 5468 1058 5576 ὓβῖῗιωι
1078 5485 1291 5549 sanctu
1315 5481 1463 5541 nulla
1491 5477 1787 5553 *piratium
1807 5480 1981 5549 spirat
2004 5478 2175 5539 Patet·

590 5581 900 5654 [spirim
919 5585 1179 5642 nntium
1211 5573 1443 5646 settim}
1475 5585 1583 5646 qua
1623 5585 1735 5630 ιιιιιι
1771 5573 1947 5642 spires
1992 5570 2171 5632 rium

575 5754 1259 5886 nlfflfflmuffssfflt
1303 5753 1439 5814 Lern

2272 4649 2537 4719 Spiritum
2591 4658 2864 4706 sanctum.
2916 4647 3011 4704 Vel
3062 4650 3158 4713 ita,
3214 4650 3355 4706 idem
3408 4662 3493 4708 est
3542 4663 3651 4708 tam
3697 4654 3850 4711 Patri

2269 4757 2432 4814 quam
2464 4742 2605 4797 Filio
2640 4756 2762 4797 esse
2806 4741 3132 4813 principium
3171 4741 3413 4811 Spiritus
3456 4744 3630 4798 sancti
3661 4754 3715 4799 et
3737 4747 3851 4817 spi-

2270 4852 2395 4893 rare
2419 4834 2681 4906 Spiritum
2715 4846 2991 4904 sanctum,
3019 4834 3182 4891 Pater
3202 4847 3258 4890 et
3292 4836 3458 4892 Filius
3484 4848 3614 4892 sunt
3636 4839 3852 4910 spiran-

2276 4937 2357 4984 tes
2387 4928 2646 4998 Spiritum
2676 4937 2961 4994 sanctum;
2991 4940 3125 4996 ergo
3161 4937 3291 4984 sunt
3316 4928 3588 4999 principia
3613 4930 3852 5001 Spiritus

2275 5019 2487 5087 sancti;
2515 5019 2613 5075 sed
2643 5018 2991 5075 manifestum
3034 5029 3122 5073 est
3151 5019 3257 5076 hoc
3277 5034 3397 5076 ·non
3431 5034 3557 5079 esse
3588 5023 3855 5094 recipien-

2274 5112 2400 5168 dum
2427 5112 2743 5168 :videretur
2770 5111 2918 5166 enim
2965 5109 3253 5183 pluralitas
3296 5112 3549 5184 intelligi,
3589 5115 3673 5169 vel
3705 5116 3853 5173 circa

2275 5205 2466 5262 modos
2505 5203 2590 5262 vel
2614 5204 2762 5261 circs
2794 5205 3144 5277 spirationes.
3176 5204 3313 5262 Cum
3345 5216 3529 5262 tamen
3559 5210 3854 5275 apponitur

2274 5290 2393 5353 haec
2413 5295 2579 5350 dlctlo
2604 5294 2814 5365 spirans
2837 5292 3140 5366 pluraliter,
3179 5312 3287 5353 non
3315 5294 3536 5366 ponitur
3566 5295 3853 5366 pluraliter

2273 5389 2702 5461 significatione,
2729 5389 2823 5446 sed
2857 5403 3014 5459 voce,
3052 5398 3112 5444 ut
3140 5403 3302 5457 supra
3331 5394 3610 5442 ostensum
3639 5398 3749 5456 est,
3792 5389 3853 5445 in

2272 5479 2528 5538 omnibus
2576 5479 2758 5537 verbis
2796 5495 2919 5551 quae
2972 5481 3041 5537 de
3089 5480 3202 5536 Deo
3247 5479 3507 5535 dicuntur
3545 5478 3852 5536 secundun·

2271 5574 2601 5640 essentiam,
2631 5586 2755 5643 qum
2791 5570 3096 5644 pluraliter,
3123 5569 3333 5642 prolata
3377 5570 3675 5643 singularia
3725 5579 3858 5628 suut

1443 5748 1937 5886 lamio
2010 5750 2113 5813 sul)
2136 5710 2237 5812 flu.
2267 5750 2329 5812 st
2359 5761 2549 5851 tamen
2574 5754 2646 5810 ad
2690 5754 2838 5812 hunc
2877 5751 3057 5810 locum
3087 5749 3319 5818 alludat,
3350 5757 3407 5806 et
3440 5761 3548 5806 non
3583 5748 3652 5805 ad
3688 5747 3854 5805 alium

3504 5903 3585 5965 29
