4425 6450
228 464 308 526 Ml

686 459 954 519 seuresnanuu
971 459 1062 518 urunt
1082 460 1248 531 uuruoun.
1285 499 1290 506 .
1321 465 1384 521 nu.
1408 464 1441 519 n.
1522 426 1532 433 ’

1794 456 1871 520 liii

237 586 351 641 inerunt
368 594 492 653 persona
507 578 541 635 ad
553 577 769 638 contrahendum
785 580 1025 635 matrimoninmet
1041 585 1063 643 Λ
1077 578 1184 650 indicat
1201 582 1274 639 hene
1300 581 1400 637 debere
1416 580 1490 636 illam
1518 581 1629 637 «torrere.
1650 582 1721 653 Ergo
1746 582 1870 641 Ecclesia
1890 625 1893 634 .

238 690 333 732 uerum
362 673 414 728 luit
432 674 504 729 iuter
519 687 566 729 eos
580 670 738 743 corrjupium
751 710 759 735 .
772 678 889 742 utraque
910 686 1026 743 persona

238 766 317 830 uiuit,
330 777 398 833 ergo
416 764 472 819 reri
486 761 615 833 conjuges
631 769 705 816 sttui.
722 760 783 815 iitec
801 762 916 830 qrraestio
935 759 1027 815 rrrrrltis

238 856 437 929 qrmsrtonttms
449 854 591 921 ventilata,
605 868 623 907 o
638 851 802 922 quibusdam
816 852 853 908 ita
865 852 1027 917 soluitur,ut

234 951 452 1004 dicutrrrrerum
478 944 634 1017 corrjugium
654 944 740 1000 luisse
765 946 837 999 iuter
863 945 952 1008 istos:
978 943 1026 999 sed

237 1051 392 1098 neeratum
418 1056 468 1095 nec
492 1048 722 1095 cmrsummatrrm.
746 1037 829 1110 330
850 1037 916 1092 Nom
931 1053 1024 1092 uerum

236 1136 392 1206 corrjngium
409 1144 452 1189 ost
470 1134 514 1189 ubi
532 1142 575 1189 est
589 1131 734 1204 spirituale
748 1130 886 1186 vinculum
904 1140 1023 1200 tautum,

235 1237 266 1283 ιιι
277 1228 304 1282 iu
318 1225 449 1297 legitimis
465 1225 545 1296 plene
562 1224 689 1295 personis
702 1231 730 1277 et
745 1222 909 1293 uirginibus.
925 1222 1025 1276 hatum

235 1318 290 1394 [oi.
321 1316 438 1389 rcrrtris]
455 1332 520 1372 uero
533 1327 575 1371 cst
596 1315 741 1386 spirituale
765 1312 902 1369 uinculum
922 1322 951 1368 et
972 1310 1025 1366 tole

235 1408 309 1480 qrmd
320 1407 428 1463 dissolri
456 1422 509 1461 non
531 1417 618 1478 potest
652 1416 681 1461 ut
697 1406 723 1460 io
753 1404 831 1476 plene
857 1404 985 1475 legitimis
998 1412 1025 1459 et

236 1511 359 1565 tarrtom3
376 1513 439 1554 narn
455 1507 560 1555 creturae
574 1497 697 1569 separari
711 1504 837 1567 possunt.
851 1496 917 1551 licet
928 1510 1023 1551 rerum

235 1592 272 1649 sit
283 1592 355 1647 iuter
368 1606 415 1647 eos
430 1590 598 1662 corrjugiurn,
610 1589 676 1660 quia
690 1604 743 1643 uon
767 1597 808 1645 est
834 1598 934 1644 ratum.
949 1587 1022 1643 Con·

234 1694 401 1740 summatum
422 1695 476 1749 est,
488 1686 533 1741 uhi
549 1684 693 1740 interuenit
708 1683 864 1739 commistio
893 1695 1023 1745 sexuum,

235 1773 299 1830 licet
316 1783 406 1831 tanuen
430 1776 521 1831 venus
535 1777 644 1832 dicatur
667 1775 741 1847 quod
762 1775 833 1830 inter
857 1773 1024 1847 consangni-

234 1882 312 1932 ncos‚
329 1868 517 1939 cujuscunque
539 1879 633 1924 esseut
655 1867 857 1940 professionis.
884 1883 1023 1939 nunqnam

1075 674 1180 742 judicat
1195 675 1228 731 de
1240 676 1368 740 occultis,
1383 687 1411 732 ot
1424 678 1462 731 ita
1482 685 1588 748 peccat.
1615 675 1697 744 hem,
1711 676 1792 747 orrico
1799 694 1870 748 rique

1079 766 1145 821 iacit
1156 768 1228 837 qrrod
1245 782 1298 823 non
1315 770 1408 836 debet,
1426 779 1540 840 peccat:
1560 768 1682 825 Ecclesia
1703 768 1771 826 iacit
1796 774 1869 841 qrrod

1078 873 1131 913 nou
1145 859 1357 931 dehet‚qonndo
1368 862 1477 932 copulat
1498 864 1578 918 istam
1596 863 1651 919 isti.
1668 862 1741 934 Ergo
1759 873 1868 934 peccat.

1077 947 1157 1015 erorl
1171 960 1262 1005 autem
1273 949 1394 1007 Ecclesia
1406 953 1489 1007 iaciat
1499 954 1570 1024 qtrod
1595 969 1648 1009 uon
1662 954 1754 1021 dehet,
1767 955 1804 1008 ita
1824 971 1869 1012 os·

1077 1040 1869 1121 tenditurquiuoondebet,consanguineosconjnngcre,rt

1077 1126 1249 1194 huclacit,et
1262 1131 1470 1188 uesciteusesso
1480 1135 1791 1204 consanguineosllrgo
1802 1137 1869 1193 iacit

1076 1222 1150 1289 quood
1168 1238 1221 1277 noo
1234 1225 1326 1282 debet.
1342 1225 1382 1280 ud
1400 1228 1452 1283 hoc
1469 1228 1613 1284 dicendum
1627 1230 1700 1299 qrrod
1717 1231 1867 1288 arrctoritns

1079 1311 1135 1373 illa.
1148 1313 1230 1369 roiiut
1246 1315 1294 1370 bei
1302 1317 1510 1386 ertjudicorede
1519 1321 1638 1385 occultis.
1649 1322 1870 1381 adbonasoctiu·

1076 1415 1160 1459 noser
1170 1405 1356 1463 indifferentes
1371 1408 1451 1466 dehet
1461 1412 1606 1475 relerri,rlc
1619 1414 1718 1484 quilius
1730 1431 1809 1472 nemo
1822 1418 1869 1472 de·

1076 1494 1866 1579 hetjudicoresinistre,cumpossintiteritamhonoquam

1077 1587 1867 1669 rrralaintentione.bemalisautcmactionibusquenullo
1915 1598 1917 1603 ’

1075 1678 1149 1735 bono
1161 1680 1214 1736 hue
1222 1681 1280 1737 lleri
1289 1695 1498 1757 possuntpotost
1507 1686 1728 1757 hornnjudicurc.
1737 1693 1799 1761 quia
1808 1693 1867 1749 luco

1075 1781 1139 1827 stunt
1154 1775 1298 1831 manifesto
1310 1777 1431 1847 proluet
1442 1788 1534 1848 potest
1551 1779 1647 1836 rcicrri
1662 1792 1716 1839 tom
1729 1785 1763 1839 ad
1779 1786 1868 1843 actiu-

1075 1879 1126 1920 nes
1137 1880 1220 1936 qurum
1235 1869 1269 1923 ad
1293 1869 1387 1924 urrinia
1401 1870 1567 1942 hujusmodi,
1587 1883 1616 1928 et
1639 1885 1703 1931 trrnc
1719 1878 1864 1947 accipitur,

234 1973 328 2014 aerum
345 1959 575 2031 iuitcoujugium,
590 1976 624 2015 er
640 1976 695 2031 quo
711 1959 913 2017 ceremonialia
933 1974 1024 2030 crupe-
1077 1955 1259 2024 menifestum,
1279 1958 1305 2011 in
1334 1958 1435 2030 duplici
1450 1976 1544 2018 senso.
1564 1962 1631 2018 Num
1654 1964 1755 2021 rsrcitur
1777 1970 1867 2026 muni·

234 2060 299 2108 runt
322 2054 534 2124 cessure,unde
556 2070 617 2110 cunr
640 2070 738 2110 cinnes
765 2053 852 2109 iudei
877 2062 1022 2108 teneantur
1075 2045 1257 2117 [ortumquod
1269 2057 1309 2103 cst
1326 2058 1444 2118 certum,
1456 2062 1483 2107 e:
1498 2052 1535 2107 ita
1551 2068 1603 2108 ouri
1622 2063 1666 2109 est
1684 2057 1864 2117 manifestum

232 2145 347 2200 subesse
357 2144 462 2216 legibus
475 2146 592 2214 Christi,
606 2156 635 2203 et
650 2147 693 2203 lex
709 2145 811 2203 Christi
831 2160 886 2200 non
900 2145 1023 2216 potiatur
1072 2148 1122 2190 00⁵
1136 2137 1237 2194 debete
1254 2139 1395 2212 conjungi,
1409 2143 1454 2213 qui
1480 2159 1533 2198 uon
1553 2152 1596 2200 esi
1618 2158 1738 2214 certurio,
1753 2166 1808 2207 uon
1823 2165 1866 2209 est

231 2236 454 2306 consanguineos
475 2236 609 2306 copulari,
627 2252 680 2292 non
696 2246 761 2292 sunt
781 2235 909 2307 legitimae
929 2250 1024 2307 perso·
1074 2242 1187 2294 illumi
1199 2229 1300 2286 ᾱῑῡῑῑῑιῐ
1310 2232 1394 2288 elim
1415 2235 1585 2305 “filistiim
1613 2254 1662 2307 pro
1679 2242 1798 2299 ‘iilum
1815 2261 1864 2315 ap-

243 2340 286 2380 „ae
298 2326 332 2380 ap
357 2326 585 2392 contrahendum,
598 2327 625 2382 5„
639 2326 739 2397 quipus
753 2326 892 2381 vincutum
903 2342 1023 2382 consan-
1073 2319 1230 2387 probatum,
1244 2322 1301 2376 siue
1313 2338 1408 2378 rorum
1421 2326 1467 2391 stt.
1479 2326 1537 2381 sire
1548 2327 1644 2383 lalsurn
1656 2348 1664 2385 c
1677 2335 1750 2390 etde
1765 2335 1864 2393 talibus

232 2416 378 2486 grainitatis
400 2419 546 2489 reperitur.
562 2418 590 2473 st
605 2434 684 2491 ergo,
703 2419 767 2473 dum
781 2415 902 2473 iudaice
915 2416 1022 2486 proles·
1073 2408 1229 2470 manifestis
1245 2410 1310 2467 licet
1333 2413 1462 2471 Ecclesiae
1482 2416 1626 2486 irrdtcarm
1646 2432 1674 2478 el
1694 2425 1730 2479 ita
1756 2426 1864 2483 dicetur

240 2508 326 2563 sionis
341 2518 430 2573 erant,
452 2526 504 2565 non
524 2519 604 2564 crant
628 2510 686 2565 reri
702 2508 831 2579 conjuges
846 2510 872 2563 iu
892 2511 1021 2580 predicta
1074 2498 1254 2556 maniiesturn
1270 2502 1352 2559 istum
1367 2506 1469 2563 richere
1484 2509 1556 2565 illam
1571 2513 1671 2570 uincere
1692 2516 1718 2569 in
1737 2532 1862 2584 uxorem,

232 2600 304 2656 linea
321 2603 582 2674 corruangoinitatis,
597 2618 630 2659 eo
645 2605 719 2675 quod
742 2601 811 2656 ritus
833 2600 878 2657 ille
892 2598 1023 2657 lurluicus
1072 2591 1138 2661 (lilla
1158 2594 1273 2651 testibus
1290 2599 1481 2667 approbatum,
1496 2603 1568 2659 siem
1582 2607 1666 2661 eriam
1685 2609 1863 2666 mantrespm„

231 2692 266 2749 do
291 2696 421 2752 ducendis
449 2699 736 2769 curuanguiueiscum
766 2696 886 2750 orlrcntu
908 2693 1014 2751 Christi
1072 2694 1114 2740 est
1130 2686 1211 2743 istum
1228 2690 1330 2747 debere
1344 2695 1475 2762 suspendi
1500 2695 1547 2765 oui
1575 2700 1689 2757 testibus
1717 2704 1863 2760 convictus

229 2799 338 2844 cessare
353 2790 448 2864 coepit,
471 2792 555 2848 nrulto
581 2791 671 2845 minus
693 2787 824 2859 corrjuges
850 2794 933 2854 sunt,
955 2788 1018 2844 rtrrm
1075 2790 1118 2833 est
1132 2778 1210 2845 iurti.
1228 2781 1292 2839 licet
1308 2784 1439 2843 innocens
1453 2788 1499 2843 sit.

230 2879 334 2941 christi
348 2879 453 2956 legibus
468 2885 594 2940 subsunt.
1109 2869 1167 2941 (Ιὸ)
1177 2872 1293 2929 seusam
1307 2876 1416 2933 divortii
1443 2880 1516 2936 iuter
1531 2882 1662 2958 conjuges
1677 2887 1808 2946 bertuinus
1833 2893 1860 2948 in

267 2977 345 3043 item,
358 2978 447 3049 posito
465 2977 536 3049 qood
550 2974 648 3047 aliquis
659 2973 769 3030 duxerit
789 2984 911 3027 sororem
937 2984 1016 3026 sunm
1069 2959 1220 3033 Evangelio
1236 2964 1318 3022 ducet
1333 2982 1394 3024 esse
1409 2968 1622 3029 fornicationem
1638 2993 1647 3033 ι
1662 2980 1734 3048 qtrod
1760 2980 1861 3039 iutelli-

231 3070 357 3126 nesciens
385 3085 445 3126 esse
462 3061 604 3133 sbrorem,
622 3083 693 3123 nurrc
718 3067 807 3138 primo
820 3063 936 3135 percipit
955 3078 1018 3119 esse
1070 3056 1191 3126 gendum
1205 3068 1248 3113 cst
1261 3067 1315 3112 laur
1328 3059 1362 3115 de
1375 3061 1510 3130 spirituali
1525 3082 1606 3135 quom
1621 3069 1655 3123 de
1668 3072 1815 3138 corporali.
1828 3073 1861 3130 Si

229 3174 363 3228 sororem,
376 3161 423 3216 sed
439 3177 493 3216 non
518 3170 608 3234 potest
621 3161 735 3217 testibus
763 3160 928 3215 convincere
943 3156 1017 3227 qrrnrl
1070 3160 1161 3206 tomen
1175 3161 1347 3222 separentur,
1364 3156 1452 3209 neutri
1466 3156 1621 3231 lice1331
1637 3162 1742 3220 nubere
1753 3178 1858 3237 postea.

229 3253 265 3311 sit
280 3269 327 3309 sua
338 3269 432 3320 soror:
455 3269 524 3310 uxor
546 3254 624 3310 istius
640 3255 729 3325 poscit
749 3254 784 3309 ah
815 3254 867 3309 isto
883 3252 1015 3317 debitum,
1069 3240 1166 3300 Plures
1180 3253 1270 3301 autern
1285 3255 1362 3301 erant
1376 3247 1403 3302 in
1418 3250 1504 3304 ueteri
1522 3261 1685 3310 testamento
1699 3274 1767 3329 qrros
1778 3263 1859 3320 doces

229 3357 257 3402 et
272 3347 329 3402 reri
344 3348 474 3417 conjuges·
485 3356 558 3403 sunt.
571 3347 642 3417 Ergo
656 3349 707 3403 iste
721 3357 831 3402 tenetur
851 3346 876 3401 el
890 3347 1015 3400 reddere.
1071 3334 1178 3409 lloyses
1195 3338 1222 3392 in
1241 3339 1450 3395 horruerunornio
1465 3381 1472 3408 ‚
1494 3355 1604 3414 propter
1629 3364 1698 3419 qrras
1720 3355 1860 3422 permitto.

230 3439 392 3497 Ecuntrario
405 3441 449 3496 isti
475 3439 669 3509 consanguinei
686 3413 759 3493 sulit.
784 3437 856 3506 Ergo
872 3453 925 3491 nun
952 3443 1017 3489 suin
1069 3429 1135 3483 hatti
1148 3426 1233 3483 Jttdaei
1248 3431 1388 3486 ‹liruittcre
1405 3448 1515 3498 uxores,
1544 3437 1607 3494 dato
1632 3440 1724 3500 troppo
1739 3450 1857 3518 repudii.

230 3536 286 3590 reri
300 3534 442 3605 conjuges.
464 3533 537 3600 Erro
553 3539 648 3587 nrutcr
672 3539 781 3586 tenetur
795 3528 874 3584 alteri
894 3527 1016 3584 debitum
1069 3517 1115 3572 libi
1130 3533 1184 3572 lint
1204 3534 1287 3573 coloso
1315 3523 1357 3577 tel
1376 3524 1469 3610 plures
1491 3529 1602 3597 scriptae
1631 3535 1857 3598 reponebantur,

230 3627 354 3682 reddere·
386 3625 470 3690 pem,
496 3623 620 3680 pectem
649 3622 792 3692 conjungor
817 3621 883 3676 istos
909 3628 1016 3675 sest-ara
1068 3606 1149 3674 erod
1174 3609 1363 3681 etiamusque
1385 3615 1411 3668 in
1432 3616 1595 3673 hodiernum
1614 3622 1685 3679 diem
1711 3626 1859 3687 obsecrant

214 3717 318 3775 tumn
350 3718 480 3788 cortjugtt,
494 3727 522 3773 et
539 3715 663 3771 adhibuit
680 3717 824 3786 qrromdam
848 3713 1017 3783 diligentium
1067 3695 1164 3763 'hamb
1182 3715 1230 3757 0⁰⁵
1247 3711 1338 3758 “mill
1359 3706 1508 3765 ⁰⁵¹0¹¹l¹0¹¹⁸
1520 3725 1637 3781 peccare
1663 3719 1817 3778 mortaliter
1830 3723 1858 3781 iu

228 3810 263 3864 ad
276 3812 339 3867 hoc.
363 3809 435 3879 Ergo
449 3822 542 3863 rerum
556 3806 607 3860 iuit
624 3806 695 3861 iuter
708 3820 756 3861 eus
770 3801 1017 3872 conjugiumlirgo
1069 3794 1218 3868 Evarmelto
1231 3798 1280 3870 qui
1297 3800 1332 3855 ob
1346 3799 1428 3857 aliam
1442 3817 1553 3860 causam
1576 3823 1659 3878 quum
1672 3822 1784 3882 propter
1797 3818 1851 3874 tor.

228 3901 302 3957 Deris
320 3904 452 3971 approbat
473 3899 537 3955 iliud
564 3881 730 3970 corr'iugium.
752 3897 824 3966 urm
851 3895 940 3953 coitus
964 3895 1011 3950 ilie
1068 3888 1236 3946 nicationem
1254 3906 1355 3947 uxores
1369 3893 1551 3953 dimittebant.

229 3996 275 4064 qrri
286 4005 328 4049 est
347 3994 420 4050 iuter
437 3995 485 4048 irus
501 3994 569 4048 duos
583 4007 636 4047 nou
652 3990 777 4058 displicet
789 3988 854 4045 Deo.
878 3989 949 4061 Ergo
961 4003 1015 4043 non
1103 3996 1181 4056 unp„
1206 4000 1334 4070 objicitur
1346 4019 1353 4056 :
1367 4002 1475 4076 noym
1498 4013 1622 4078 permisit
1647 4031 1696 4074 οὓς
1717 4021 1857 4084 (nmium

176 4132 178 4142 .
227 4096 272 4144 est
284 4089 415 4144 incestus.
432 4087 473 4141 ml
485 4087 536 4142 hoc
547 4085 642 4142 dicunt
656 4085 728 4153 quod
744 4085 796 4139 iste
808 4097 870 4137 cum
882 4096 936 4138 nou
950 4096 1015 4150 pos·
1066 4105 1177 4161 mom,
1199 4096 1272 4163 quod
1290 4108 1351 4153 em
1372 4099 1486 4155 mompe
1510 4115 1651 4172 peccatum
1665 4126 1674 4177 ἶ
1688 4121 1716 4169 a
1736 4116 1858 4176 meme?

228 4179 268 4235 sit
282 4179 400 4234 testibus
419 4177 584 4232 corrriucere
607 4175 679 4230 hanc
703 4188 764 4230 csse
786 4187 908 4230 sororem
925 4187 1014 4236 suam,
1065 4185 1120 4241 hoc
1132 4185 1249 4243 hereb„
1262 4198 1289 4245 01
1304 4191 1338 4245 ,d
1354 4207 1416 4248 enm
1443 4199 1598 4265 pertinebat
1616 4217 1664 4261 eo,
1679 4207 1854 4281 [edanum.

227 4271 309 4328 debet
322 4269 488 4342 persuadere
503 4268 556 4324 boe
567 4267 698 4323 Ecclesiae
712 4265 839 4327 omnibus
854 4264 941 4320 modis
954 4263 1015 4334 qui·
1065 4277 1138 4350 Ergo
1149 4281 1300 4339 mmm&
1309 4288 1448 4356 peccabat.
1459 4289 1536 4358 nem,
1548 4297 1710 4360 „emissum
1719 4301 1769 4357 sun
1782 4321 1855 4363 mon

226 4365 278 4420 hot
297 4372 396 4435 potest.
411 4364 440 4420 st
452 4376 517 4418 tero
533 4361 661 4417 Ecclesiae
675 4374 728 4415 trun
745 4357 924 4430 acquieverit,
939 4366 1015 4411 tene·
1065 4373 1120 4429 ιρις
1134 4389 1285 4445 peccorum.
1302 4379 1374 4453 Ergo
1395 4392 1423 4438 ct
1437 4387 1580 4453 permissio
1594 4391 1654 4460 elus
1675 4395 1721 4464 oui
1736 4402 1854 4466 perurit·

227 4469 272 4513 tur
283 4457 402 4514 debiturn
418 4455 534 4511 reddere
557 4453 683 4518 uxori‚si
700 4451 873 4523 poposcerit:
892 4450 940 4505 sed
955 4448 1015 4504 exi·
1065 4462 1151 4518 repar,
1173 4464 1258 4530 pem·
1271 4471 1408 4526 “mmm
1431 4473 1540 4531 fueram
1565 4479 1688 4540 immun
1712 4486 1813 4546 cumn
1826 4503 1856 4548 a

225 4565 365 4624 gerenos
395 4551 488 4607 debet.
518 4547 641 4606 Ecclesia
669 4547 743 4603 enim
770 4547 797 4601 iu
824 4543 868 4599 his
896 4541 1011 4598 lailitur.
1065 4550 1163 4624 ltoysi,
1176 4556 1240 4626 qrria
1261 4557 1368 4632 iioyses
1382 4565 1418 4619 oh
1439 4570 1540 4626 multas
1561 4586 1659 4631 carosus
1676 4581 1855 4646 permittebar

225 4642 325 4696 Dicunt
336 4650 425 4696 tamen
441 4642 550 4710 quidam
564 4639 637 4710 quod
651 4651 705 4692 nou
731 4645 773 4693 est
795 4633 951 4703 conjugium
968 4634 1011 4687 in·
1027 4633 1051 4690 b
1065 4644 1202 4704 (limium
1227 4666 1352 4719 uxorem·
1370 4656 1497 4714 Chfpmffi
1510 4661 1547 4716 „b
1565 4665 1649 4719 solam
1669 4681 1781 4723 causam
1796 4670 1853 4726 sor·

226 4743 269 4790 tor
282 4749 330 4789 cos
343 4748 395 4788 nec
408 4733 510 4788 dehent
528 4731 688 4787 cohabitare
707 4728 779 4783 sicut
795 4729 853 4782 ueri
869 4725 1010 4794 conjuges.

225 4823 278 4881 ulit
294 4838 360 4880 reru
374 4823 467 4879 dicunt
483 4820 554 4891 quod
569 4830 596 4876 et
613 4817 741 4888 conjuges
755 4823 837 4883 sunt,
853 4826 881 4870 et
895 4825 1013 4884 uterque

225 4924 335 4975 tenetur
350 4913 428 4970 alteri
445 4913 565 4968 debitum
577 4910 696 4966 soluere.

259 5015 336 5079 imm,
363 5014 444 5071 solius
461 5013 506 5067 Dei
517 5020 554 5066 ost
566 5006 737 5082 proterrere
750 5004 868 5071 occultis,
893 5002 1011 5059 horuiult

223 5123 289 5165 rcro
309 5108 342 5163 do
360 5103 519 5160 manifestis.
542 5102 594 5158 lste
620 5097 782 5168 comprobat
801 5096 918 5153 testibus
940 5096 1011 5152 banc

223 5218 278 5258 uon
304 5213 364 5254 esse
376 5196 607 5268 cousanguineam
622 5207 712 5258 suam.
729 5205 790 5247 eom
804 5191 842 5246 sit
862 5200 966 5257 tamen,
983 5196 1011 5246 et

215 5284 339 5363 'uterque
352 5291 489 5347 consentit
503 5291 530 5345 in
544 5289 676 5344 alterum:
687 5284 810 5341 Ecclesia
821 5283 927 5354 judicat
943 5287 1010 5342 istut

221 5397 283 5442 csse
298 5383 438 5454 conjuges.
454 5382 526 5453 Ergo
548 5380 581 5437 de
591 5379 707 5435 occultis
718 5376 835 5445 iudicat,
851 5377 913 5446 quia
937 5376 1009 5432 istud

213 5486 266 5534 est
275 5476 301 5532 ei
323 5475 462 5532 occultum
486 5471 557 5543 rpuod
580 5472 635 5527 siut
650 5469 790 5540 corlinges.
809 5467 880 5538 Ergo
902 5476 1007 5539 peccat.

220 5569 301 5637 item,
312 5584 366 5625 non
379 5566 544 5623 dehetillam
566 5565 665 5621 ducere
688 5563 715 5616 iu
729 5575 854 5617 uxorem.
875 5559 947 5631 Ergo
961 5575 1009 5617 rre-

221 5663 289 5723 ruiui
315 5671 358 5718 ost
383 5661 559 5718 mouilettum
577 5663 650 5727 orrod
677 5661 777 5720 debeat
794 5663 869 5718 illam
896 5658 1006 5717 ducere.

220 5754 293 5826 Erro
305 5768 356 5809 nec
371 5752 499 5809 Ecclesia
511 5761 553 5810 ιιι
568 5753 619 5810 hoc
635 5753 820 5823 manliostum,
835 5761 863 5812 et
877 5750 1007 5812 Ecclesia
1017 5828 1030 5838 ,„

215 5885 222 5899 '
255 5912 313 5986 (ιι)
330 5913 411 5985 ιιι..
425 5914 490 5973 ιιι.
506 5914 541 5972 ιι
559 5912 617 6004 ιι.Ι

1065 4738 1220 4798 nicationis.
1242 4745 1313 4818 Ergo
1332 4748 1466 4806 alteruter
1481 4755 1604 4821 peccavit
1624 4757 1650 4811 iu
1667 4759 1853 4828 institutione:

1064 4829 1112 4885 sed
1137 4848 1189 4889 non
1209 4834 1352 4906 Christus;
1382 4854 1447 4912 erpo
1472 4841 1588 4914 Moyses.
1607 4845 1675 4902 ltenr
1704 4862 1853 4924 antennam

1064 4937 1154 4978 causae
1179 4927 1386 4995 assignarentur
1398 4947 1413 4984 a
1427 4930 1519 5003 llrryse
1534 4946 1645 5005 propter
1662 4955 1730 5010 quas
1752 4944 1852 5002 licebat

1064 5029 1177 5071 uxorem
1197 5019 1345 5082 dimittere.
1360 5026 1476 5080 mortale
1488 5026 1538 5082 tuit
1559 5041 1700 5100 peccatum
1711 5036 1854 5095 dimittere

1062 5118 1091 5161 er
1114 5117 1174 5176 pust
1197 5125 1295 5167 causas
1320 5116 1471 5186 assignatas
1485 5119 1621 5179 similiter.
1642 5125 1673 5182 lu
1693 5129 1768 5183 nullo
1786 5146 1854 5201 ergo

1062 5196 1210 5257 alienatum
1226 5210 1267 5258 est
1285 5203 1350 5260 illuri
1375 5219 1516 5276 peccatum
1537 5228 1552 5266 a
1574 5215 1691 5270 crimine
1706 5228 1768 5286 pust
1791 5235 1855 5290 pcr-

1063 5291 1233 5351 missionem.
1246 5293 1325 5360 item,
1338 5299 1374 5355 ob
1389 5301 1489 5357 nullum
1504 5318 1615 5359 carrsam
1627 5316 1737 5376 poterat
1749 5310 1851 5366 dimitti

1062 5399 1133 5442 uxor
1150 5387 1290 5458 abaliquo
1305 5389 1331 5444 iu
1347 5394 1431 5447 reteri
1459 5402 1623 5450 testamento
1646 5398 1692 5469 qni
1718 5415 1771 5456 uon
1789 5417 1852 5472 pce·

1062 5487 1139 5534 caret
1163 5481 1333 5548 mortalitem
1353 5484 1433 5539 ruodo
1455 5484 1477 5539 si
1503 5485 1657 5544 dimittatur
1680 5489 1716 5545 ob
1738 5507 1849 5552 causam

1062 5571 1263 5649 fornicationis,
1280 5590 1334 5631 nun
1345 5586 1388 5633 est
1408 5577 1522 5633 mortulo
1545 5588 1698 5648 peccatum.
1715 5581 1786 5653 orgo
1803 5587 1851 5641 llr-

1061 5665 1133 5720 rnius
1153 5675 1214 5721 erat
1235 5677 1438 5725 sacromentum
1463 5670 1582 5742 conjugii
1612 5670 1639 5727 in
1660 5674 1744 5729 reteri
1765 5686 1849 5732 tesm-

1061 5767 1155 5819 tueuto
1165 5775 1246 5832 ouant
1260 5762 1287 5819 in
1305 5778 1384 5821 noro.
1402 5764 1441 5817 hd
1456 5764 1507 5822 hoc
1531 5765 1673 5822 dicendum
1688 5769 1761 5839 quod
1773 5768 1850 5845 bloy-
