4425 6450
249 432 286 488 13
682 431 878 489 subudum.
899 460 933 477 ·-
952 430 1055 490 seuit.
1074 433 1095 489 l.
1116 430 1149 488 ill
1169 431 1333 489 autentu
1352 428 1480 487 bollllll.
1846 434 1881 490 11

250 562 287 600 ιιι(
299 544 376 600 liaris
391 552 462 599 troiae
477 545 608 599 autlvorcs
623 544 717 601 sedulo
733 545 767 600 ab
795 546 921 601 interitus
941 545 1038 613 initeris
1061 545 1249 608 vindicare...
1269 544 1309 613 (b)
1327 544 1450 613 quisqrris
1470 544 1568 599 librntn
1592 556 1715 601 nostrum
1738 559 1880 605 succincte

249 617 336 669 etiarn
351 614 494 677 evolverit,
507 614 620 677 divitium
636 615 702 670 tuild
719 631 772 669 non
791 627 834 670 est
849 617 914 682 enin
930 616 1094 670 lilvsaloncm
1108 615 1135 669 in
1151 629 1245 669 corvum
1264 615 1354 670 album
1379 614 1520 669 nobiscum
1543 616 1580 670 sit
1595 617 1795 687 inscripturus:
1810 619 1880 673 adeo

249 695 277 739 ct
297 687 431 739 crtttlitnnr
446 687 573 755 pietatem
599 694 626 738 et
647 686 723 753 juxta
743 687 814 754 piatn
830 685 1010 740 eruditionem
1023 685 1189 754 praeselert.
1206 685 1390 755 Praeterquam
1406 684 1479 738 euim
1493 684 1566 753 qtvod
1584 686 1674 742 diviua
1691 690 1818 759 mysteria
1836 690 1881 756 piu

250 755 427 824 dilucideque
451 754 580 824 explicat,
598 754 743 823 allegorias
765 765 792 809 et
819 756 919 810 similia
944 754 1101 810 felicissirne
1123 764 1234 819 tractat,
1250 756 1453 824 Scripturarurn
1482 756 1637 810 testimonia
1665 771 1738 825 saepe
1762 767 1881 826 apteque

250 824 330 887 citat,
345 833 375 879 nt
392 827 447 880 vita
463 824 736 902 nostraprolessioui
754 825 916 893 respoudeat
927 826 1037 894 egregie
1059 825 1229 892 adhortatur,
1245 823 1395 881 sceleratus
1410 834 1492 892 atque
1511 824 1561 880 tici
1576 827 1718 882 beneliciis
1736 828 1880 882 abutentes

249 896 375 962 graviter
393 910 545 965 uragnaque
568 894 717 951 severitate
736 895 911 965 perstringit,
934 904 1034 964 praeter
1058 896 1125 956 ltaec,
1147 896 1267 962 irtqnam,
1288 894 1420 962 ejusmodi
1442 894 1603 949 elocutionis
1625 911 1724 965 genere
1752 911 1816 951 usus
1838 908 1882 951 est

252 964 328 1030 quud
352 965 511 1020 doctissimo
528 964 590 1019 lruic
604 963 696 1020 seculo
709 968 792 1020 etiarn
809 965 1012 1021 satisfacturum
1033 965 1119 1019 videri
1133 975 1224 1032 qrrcat.
1242 965 1299 1020 Nisi
1313 965 1336 1020 si
1358 964 1405 1034 qui
1422 964 1505 1020 lutari
1524 973 1586 1020 suut
1600 968 1669 1021 adeo
1689 975 1717 1021 et
1740 972 1841 1021 morosi
1853 975 1882 1021 et

249 1031 331 1097 lariti,
349 1043 378 1086 nt
403 1036 439 1090 ob
459 1050 539 1089 utram
555 1035 703 1091 alteramve
719 1034 844 1090 voculam
870 1050 951 1104 utram
970 1034 995 1088 ln
1014 1034 1195 1090 Ciceroniana
1219 1036 1326 1091 officina
1340 1033 1487 1104 expolitam
1507 1049 1560 1089 oon
1589 1035 1771 1100 arbitrentur,
1791 1046 1879 1092 toturn

255 1104 374 1159 solidum
387 1105 487 1161 librntn
503 1119 555 1159 uon
565 1104 690 1161 dubitent
704 1105 825 1161 elevare.
842 1104 916 1172 Quos
929 1106 982 1160 ltoc
993 1103 1123 1160 Martialis
1135 1105 1251 1163 disticlto
1266 1106 1356 1172 laciic,
1371 1117 1400 1161 ut
1414 1119 1506 1177 spero,
1523 1107 1699 1162 retundemus
1715 1123 1723 1161 :

695 1195 881 1311 Trigintc'toto
893 1198 964 1252 melu
983 1204 1046 1253 runt
1059 1200 1248 1280 epiprommetu
1268 1199 1334 1255 libre

733 1269 882 1323 ettottdem
897 1272 964 1323 tono
984 1279 1055 1337 aurit,
1074 1268 1171 1336 Lause,
1185 1270 1250 1324 liber
1264 1274 1347 1326 tortus
1365 1280 1414 1327 est.

250 1357 409 1425 Quinetiam
424 1360 506 1416 iidem
519 1358 545 1414 iu
558 1358 631 1416 omui
646 1374 675 1415 re
695 1360 847 1431 improbam
865 1376 897 1418 ac
909 1361 1159 1431 reprehendendam
1174 1377 1234 1418 esse
1252 1363 1397 1432 praeteritis
1414 1364 1571 1422 melioribus
1591 1363 1724 1419 malorum
1746 1365 1875 1421 selectio·

252 1427 385 1493 netit,vel
409 1429 618 1499 ipsocicmoue
648 1440 776 1495 testante,
798 1432 879 1487 velim
909 1435 1038 1504 cogitent.
1062 1432 1122 1488 lain
1148 1434 1171 1488 si
1196 1442 1317 1488 vetustus
1340 1436 1421 1491 etiam
1452 1435 1534 1489 veluti
1559 1435 1784 1503 vinascr'ptorcs
1804 1450 1881 1491 com·

254 1500 381 1562 antevidet,
394 1499 639 1556 connneudatiouls
653 1504 768 1569 gratiam
783 1501 912 1557 Absaloni
925 1518 978 1558 (ιοιι
996 1503 1151 1559 delaturam
1166 1518 1226 1558 esse
1243 1506 1349 1559 conlido
1373 1525 1379 1560 :
1401 1519 1498 1574 rretnpe
1512 1508 1559 1573 qui
1579 1513 1643 1560 avite
1664 1505 1880 1576 quadringentos

249 1586 339 1624 auritos
353 1571 547 1639 docueritque
564 1580 684 1639 tempore
695 1575 801 1644 γιιισίαν
816 1574 977 1641 tircologiaur
990 1574 1107 1628 nondum
1121 1588 1136 1626 a
1152 1573 1267 1628 liontani
1282 1577 1417 1631 sermonis·
1425 1578 1552 1645 puritate,
1571 1577 1604 1629 ad
1624 1574 1758 1630 barbariei
1778 1586 1880 1637 castra,

250 1657 284 1695 20
305 1643 470 1709 §epilenticos
496 1642 682 1709 argutationes
698 1645 806 1711 penitus
827 1644 970 1704 deiecisse,
983 1645 1040 1711 ipse
1054 1645 1141 1698 nostri
1158 1645 1281 1698 authoris
1295 1646 1374 1701 stilus
1396 1645 1623 1714 lucrrplctissitnns
1641 1655 1683 1700 est
1697 1645 1784 1701 testis.
1815 1645 1882 1713 Quae

251 1727 314 1764 (ιιιιι
344 1712 379 1764 ita
406 1727 436 1765 se
451 1710 593 1774 baberent,
618 1710 777 1767 lleveremle
802 1722 889 1783 pater,
905 1714 932 1766 in
948 1714 1000 1767 Ιιο(
1024 1720 1069 1768 tuo
1090 1714 1227 1767 llrsalouc
1249 1729 1310 1769 cum
1328 1716 1491 1786 castigandi,
1505 1727 1560 1768 tum
1574 1716 1757 1786 imprimendi,
1774 1715 1882 1770 labrires

249 1784 344 1835 subire
370 1784 578 1851 haudquaquam
600 1781 761 1836 detrectavi.
789 1782 821 1837 lit
846 1798 1003 1852 ouattqnam
1026 1798 1088 1838 eum
1117 1798 1166 1838 sna
1191 1793 1246 1838 tum
1272 1785 1372 1852 pietate
1395 1796 1451 1840 tntu
1476 1786 1628 1840 eruditione
1652 1787 1721 1841 satis
1741 1777 1881 1841 laudatum

249 1850 406 1904 blotnornm
419 1850 569 1922 petulantia
593 1850 733 1905 tlelcttsutn
748 1852 781 1906 iri
796 1856 930 1908 conlidam
951 1864 1064 1908 :tatttcn
1082 1855 1147 1922 utria
1159 1855 1273 1909 sumnus
1293 1856 1453 1911 authoribus
1476 1864 1530 1908 tant
1552 1857 1639 1911 sacris
1653 1870 1734 1924 quarn
1755 1856 1882 1924 prolenis

248 1922 277 1973 in
299 1922 437 1989 publicum
455 1924 558 1989 absque
575 1921 683 1977 tutelari
695 1922 821 1992 quopiam
837 1931 952 1993 patrono
974 1939 1029 1979 uon
1058 1925 1126 1979 satis
1139 1940 1235 1978 secure
1260 1926 1351 1993 egredi
1368 1933 1537 1994 routpertum
1556 1926 1604 1991 sit,
1618 1925 1783 1981 Absaloocm
1796 1926 1883 1980 etiatu

248 1991 337 2044 simili
350 1992 478 2060 prasidio
492 1993 669 2046 ttrnrtiendnm
684 1993 787 2060 putati.
800 1992 856 2049 lice
878 1993 1013 2062 longaeui
1036 1994 1063 2050 id
1087 1994 1192 2065 negocii
1208 1996 1321 2050 daretur
1332 1998 1464 2064 petendus
1485 1992 1547 2059 luit,
1562 2010 1647 2064 quum
1669 2006 1743 2048 tnarn
1761 1995 1882 2064 paterni·

249 2069 336 2113 tatem
353 2076 407 2131 qua
421 2077 451 2115 es
471 2075 536 2131 erga
550 2061 622 2116 lturrc
643 2064 805 2131 scriptorem
821 2066 1009 2119 benevolentia
1023 2066 1095 2119 baud
1123 2066 1257 2133 gravatim
1276 2065 1302 2119 id
1322 2080 1383 2121 esse
1406 2064 1554 2131 tincturum,
1573 2074 1601 2119 et
1616 2080 1667 2135 qua
1682 2079 1712 2118 es
1733 2062 1882 2118 tintoritatu

247 2130 324 2185 band
343 2132 488 2186 dillicnltcr
502 2146 562 2186 esse
573 2133 761 2202 praestiturum
777 2148 833 2188 non
845 2135 978 2204 ignorem.
993 2134 1083 2202 Quare
1099 2136 1159 2199 tibi,
1172 2134 1343 2190 observande
1357 2145 1446 2207 pater,
1458 2134 1539 2190 sinvnl
1557 2145 1665 2190 nostros
1676 2133 1883 2204 qttalescunque

249 2200 361 2255 labores
379 2213 557 2257 cotrsecratos
584 2204 666 2270 habe,
686 2202 767 2258 simul
790 2204 878 2274 ipsnut
897 2205 1061 2261 Absaloneut
1083 2205 1260 2260 acalurnuiis
1276 2220 1308 2260 ac
1329 2206 1514 2275 spcopltantlis
1536 2207 1575 2260 tui
1593 2207 1713 2261 uurrrinis
1733 2204 1883 2260 autoritate

246 2271 446 2325 vindicandum
462 2276 581 2343 suscipe.
605 2273 658 2329 Sed
681 2273 733 2329 lroc
755 2289 790 2329 ue
811 2285 837 2329 te
862 2273 956 2341 lateat,
970 2290 1030 2330 esse
1054 2279 1202 2332 etiamnum
1216 2276 1243 2330 in
1260 2278 1433 2332 seruiuntons
1447 2278 1521 2331 bisce
1539 2291 1641 2346 pancos
1656 2276 1730 2330 locos
1753 2276 1798 2343 qul
1816 2273 1882 2327 vitio

246 2356 348 2395 carere
362 2356 416 2395 nou
433 2345 587 2409 videantur,
602 2348 704 2415 quilque
715 2343 838 2401 melioris
858 2348 1025 2415 exettrplaris
1045 2348 1168 2401 subsidio
1184 2348 1217 2400 ad
1234 2346 1432 2401 restituendum
1460 2347 1487 2402 in
1507 2348 1643 2416 integrunt
1664 2362 1733 2416 opus
1751 2344 1880 2400 babeant.
1953 2405 1961 2416 ,

246 2413 337 2466 Nobis
351 2421 453 2467 temere
465 2416 568 2483 aliquid
584 2425 691 2469 irrotare
704 2417 756 2472 luit
767 2415 874 2483 religio.
891 2415 967 2484 ilale,
978 2429 1007 2473 et
1022 2426 1051 2473 ut
1067 2418 1187 2472 absalon
1205 2427 1267 2471 tuus
1282 2418 1411 2472 arrricitiae
1425 2420 1496 2473 luter
1515 2435 1566 2473 uos·
1588 2420 1624 2472 sit
1645 2417 1710 2472 lelna
1729 2415 1882 2485 auspicium

249 2482 397 2549 perruittc.
416 2484 535 2539 Coloniae
550 2486 705 2555 Agrippinae
720 2502 753 2543 ex
767 2487 873 2543 otllcina
887 2496 979 2544 nostra
994 2487 1032 2542 ld.
1044 2486 1120 2544 lolii.
1142 2492 1221 2543 burno
1239 2486 1408 2543 ttbltttttt.

289 2625 327 2695 (ὃ)
337 2622 386 2682 llic
400 2627 497 2682 clearta
511 2627 537 2682 in
550 2625 698 2698 exctrtplari
712 2625 808 2682 mutila
822 2634 874 2681 est.

272 2774 1874 2811 W

572 2936 1102 3095 ABSALONIS
1157 2935 1562 3092 ABBATIS

846 3232 1287 3365 SERMONES.

501 3631 619 3691 sumto
652 3630 791 3688 PlllblilS.
1057 3636 1172 3695 Anere,
1195 3628 1303 3699 vagitus
1324 3627 1364 3683 illi
1384 3626 1514 3695 interrita,
1536 3630 1678 3699 amplexus
1697 3629 1825 3698 ritaterni,
1842 3641 1886 3688 at·
1935 3639 1939 3660 ¹

461 3741 493 3781 ue
517 3741 681 3783 sovenru
704 3726 837 3795 ootttjnt.
1095 3724 1272 3780 treetatlones
1299 3725 1424 3788 uberum,
1452 3723 1600 3794 crepundia
1631 3726 1693 3780 riori
1716 3737 1824 3797 partus,
1857 3737 1888 3783 et

295 3819 395 3884 liotlie,
415 3816 516 3874 iratres
532 3818 715 3885 dilectissimi,
728 3833 818 3875 sermo
828 3817 927 3890 politur
946 3827 973 3875 et
985 3823 1043 3888 pte·
1094 3824 1194 3871 catera
1208 3815 1394 3884 lrnjmcctnodi
1410 3830 1471 3886 urnae
1483 3814 1612 3884 majestas
1628 3818 1709 3874 Verbi
1723 3819 1833 3891 digitata
1844 3830 1887 3874 est

249 3931 305 3974 nus
325 3913 476 3970 devotionis
492 3927 576 3968 suave
593 3922 777 3967 trtnrmnrarct
796 3912 823 3965 in
843 3911 973 3966 cordibus
993 3925 1043 3965 vc·
1094 3907 1122 3961 lu
1137 3922 1167 3961 se
1181 3909 1331 3977 suscipere.
1347 3908 1442 3962 Adbuc
1462 3918 1552 3963 tamen
1570 3924 1667 3964 sottum
1690 3914 1776 3981 mugio
1794 3913 1887 3968 linini-

251 4009 329 4072 stris,
340 4006 385 4074 oui
396 4006 540 4061 adventum
552 4004 793 4075 salvatorisdigua
804 4003 884 4058 laude
896 4001 1043 4069 attolieret,
1094 3998 1148 4054 lem
1169 3998 1274 4053 cithara
1290 3997 1341 4051 ista
1361 3997 1488 4060 reddidit,
1511 4006 1539 4053 et
1554 4013 1640 4069 usque
1661 4001 1730 4058 adeo
1745 4004 1886 4073 buutiletn,

252 4101 301 4155 sed
315 4100 347 4154 ab
361 4099 411 4153 lroc
432 4098 621 4167 expectatione
639 4113 755 4168 persona
779 4097 915 4167 loquentis
934 4110 985 4152 vos
1000 4110 1044 4151 re·
1094 4092 1166 4164 quod
1195 4105 1246 4147 nec
1267 4091 1350 4146 etiam
1375 4089 1500 4159 discipuli
1525 4105 1588 4147 eom
1608 4108 1706 4164 capere
1726 4105 1886 4166 potueruut,

251 4193 349 4256 trabit,
362 4208 443 4262 uuam
460 4207 547 4261 treqrte
560 4207 656 4249 seriens
671 4192 760 4262 copia,
773 4192 889 4247 occulta
902 4205 1044 4247 cotttnten·
1094 4188 1205 4258 quavtdo
1227 4183 1338 4255 judaica
1365 4200 1426 4241 eam
1450 4189 1708 4259 tangensperltdia,
1735 4207 1834 4249 orarius
1859 4182 1900 4251 et

251 4296 301 4349 dat
318 4295 406 4364 inungo
428 4288 594 4346 sanctitatis.
617 4286 804 4343 Veruntamen
832 4286 896 4356 quia
921 4287 1043 4342 solenni·
1094 4282 1179 4350 pudes
1195 4279 1290 4347 clavis,
1306 4280 1400 4336 larreea
1415 4280 1556 4353 latusejus
1569 4283 1688 4352 aperuit,
1704 4299 1764 4356 quae
1775 4285 1809 4340 ad
1823 4286 1888 4342 ulti·

252 4397 296 4439 tas
321 4382 450 4453 temporis
474 4395 648 4436 comunionem
674 4380 755 4437 nobis
779 4382 882 4450 praebet
898 4380 1042 4435 materiam
1095 4393 1170 4431 titum
1189 4379 1264 4432 cranei
1281 4391 1411 4449 appensa,
1423 4393 1518 4434 sonunt
1531 4377 1606 4432 illum
1619 4376 1735 4434 llcbilcm
1751 4379 1886 4438 reddidit:

250 4479 426 4547 gaudiorum,
450 4473 513 4528 licet
534 4472 733 4529 incircuncisus
747 4473 830 4530 verbo
846 4481 872 4528 ct
895 4487 989 4537 sensu,
1011 4487 1044 4529 eo
1095 4470 1124 4524 lu
1140 4486 1236 4527 rrrartns
1251 4482 1324 4539 tuas,
1339 4471 1462 4538 botnine,
1475 4469 1636 4527 comprenda
1652 4471 1777 4541 spiritum
1797 4487 1887 4529 tvteom

251 4582 346 4625 tarrteu
360 4584 414 4639 quo
431 4582 542 4639 possum
557 4563 695 4636 preconio
710 4578 852 4619 occurram
867 4562 979 4619 domino
995 4577 1044 4618 ve·
1095 4566 1182 4640 (Paul.
1201 4582 1269 4633 ως
1287 4563 1351 4623 Lne.
1365 4564 1455 4637 xxttr).
1466 4566 1503 4621 lle
1516 4565 1568 4621 hoc
1579 4580 1646 4621 sotto
1663 4581 1713 4636 per
1725 4569 1889 4636 proplietam

250 4662 349 4727 nicmi,
368 4670 394 4716 et
408 4658 516 4731 gaudiis
539 4658 636 4714 vestris
659 4656 702 4713 vcl
715 4657 902 4726 importunum
918 4669 960 4710 ιιι(
972 4655 1044 4709 inse-
1094 4675 1128 4714 ex
1140 4675 1256 4730 persono
1268 4657 1412 4714 salvatoris
1423 4658 1537 4714 dicitur:
1546 4657 1680 4714 Leboravt
1694 4657 1814 4717 clamans
1825 4676 1890 4715 mu.

251 4770 322 4819 rann,
340 4755 439 4823 quibus
452 4751 607 4821 specialiter
620 4749 763 4821 prasentia
783 4749 845 4804 data
863 4757 906 4804 est
925 4747 1045 4803 salvato·
1095 4767 1135 4808 cac
1148 4751 1226 4806 lactc
1247 4761 1311 4806 snut
1333 4753 1426 4806 lances
1451 4762 1529 4817 mea,
1552 4747 1715 4804 deiecerunt
1728 4749 1802 4805 oculi
1822 4748 1888 4817 tnei,

252 4849 301 4902 ris.
319 4847 353 4901 Et
368 4845 432 4916 uois
446 4845 516 4900 filios
528 4843 622 4914 sponsi
637 4843 673 4898 ab
684 4840 781 4898 allecto
795 4842 895 4897 laetitiae
906 4841 1042 4910 collibeat,
1095 4842 1159 4896 dum
1181 4856 1261 4911 spero
1285 4840 1311 4894 in
1328 4839 1412 4894 Deum
1435 4854 1524 4894 meum
1540 4837 1628 4910 (Paul.
1652 4842 1757 4909 exitu).
1778 4837 1890 4908 lisura,

250 4953 332 5008 quiam
347 4938 394 4992 dio
407 4954 468 4992 curn
485 4937 553 5006 ipsis
569 4947 612 4992 est
627 4935 763 5005 sponsusl
777 4902 957 5006 (lluttb.⁰tx.)
971 4932 1044 4988 Ecce
1096 4935 1197 5007 iuqtrit,
1219 4935 1299 4990 iacta
1319 4941 1383 4988 snrrt
1407 4932 1501 4987 lauces
1525 4946 1608 4999 trient,
1634 4933 1686 4988 lroc
1705 4942 1758 5001 est,
1779 4933 1890 4991 inutiles

250 5031 378 5087 Ctrriutus
393 5046 442 5086 vos
462 5030 560 5084 invitat
575 5031 610 5083 ad
626 5028 767 5100 gaudium,
782 5027 913 5083 Salomon
938 5027 964 5081 in
986 5027 1045 5082 dia·
1060 5002 1081 5058 B
1099 5038 1232 5099 reputatae
1249 5037 1312 5084 suot
1333 5043 1413 5084 voces
1434 5040 1511 5091 meac,
1528 5040 1613 5094 osque
1632 5026 1702 5082 adeo
1719 5029 1891 5095 quodetiam

250 5127 361 5179 demate
384 5138 440 5192 qno
459 5123 601 5179 coronavit
622 5136 685 5177 cutu
707 5132 795 5176 tuater
815 5136 876 5188 sua,
900 5121 1044 5179 decoratos
1098 5124 1171 5180 oculi
1184 5123 1250 5188 mei,
1271 5124 1324 5178 boc
1345 5130 1397 5186 est,
1415 5118 1541 5188 discipuli
1564 5118 1629 5186 tuci,
1647 5119 1805 5176 deiecerunt
1823 5120 1890 5195 (1ιιιιι

251 5220 366 5285 incedit,
391 5216 491 5288 loseplt
515 5218 627 5273 indutus
651 5226 693 5272 est
716 5216 836 5271 talarern'
861 5217 991 5282 tunicam,
1016 5225 1045 5271 ct
1099 5229 1180 5286 spero
1206 5214 1234 5269 iu
1262 5215 1347 5270 licum
1374 5226 1478 5267 nteum.
1497 5211 1596 5269 Suavis
1620 5221 1709 5268 autern
1729 5225 1813 5266 sottus
1837 5211 1892 5266 luit

252 5312 341 5366 liavid
363 5313 391 5366 iu
417 5313 525 5368 citltara
545 5313 617 5366 diem
639 5311 739 5365 lustum
763 5310 819 5380 agit
834 5309 920 5362 vobis.
938 5307 1043 5376 Psallit,
1099 5307 1208 5363 novitas
1231 5305 1440 5371 miraculorum,
1455 5303 1579 5375 operatio
1601 5305 1763 5368 sanitatum,
1781 5302 1891 5372 utrartdn

251 5403 374 5475 irrqttam,
399 5404 483 5460 David
505 5413 610 5471 noster,
630 5404 755 5459 cbristus
768 5400 893 5457 videlicet
907 5399 1043 5457 ltotnola·
1098 5402 1208 5458 satiavit
1229 5399 1361 5464 iullrtuos,
1385 5406 1413 5452 ct
1435 5397 1562 5454 liberavit
1584 5411 1680 5454 ortrues
1703 5408 1850 5464 oppressos
1874 5414 1890 5449 (ι

251 5506 323 5561 ctrrs,
338 5499 365 5554 in
378 5498 483 5553 citltara
501 5496 679 5553 butnauitatis
693 5505 849 5566 assumptae,
865 5494 898 5548 de
909 5509 962 5564 qua
976 5497 1046 5552 scri·
1098 5493 1222 5549 diabolo:
1244 5493 1291 5548 sed
1308 5493 1400 5548 adbttc
1415 5490 1526 5548 suavior
1545 5489 1597 5546 luit
1610 5504 1663 5546 vox
1678 5487 1723 5544 illa
1746 5487 1807 5558 cios
1821 5503 1892 5559 prae·

252 5601 328 5661 ptum
340 5603 398 5648 est:
412 5591 521 5661 Exurge
535 5591 621 5664 glovia
638 5579 713 5658 me‘a,
728 5605 828 5662 cxttrge
846 5575 1003 5658 psalterium
1017 5596 1046 5644 ct
1098 5587 1255 5655 dicationis,
1273 5601 1322 5658 per
1340 5598 1423 5656 quant
1439 5583 1526 5656 legem
1550 5583 1613 5641 vitae
1630 5580 1742 5648 scripsit
1754 5579 1783 5636 iu
1797 5580 1891 5640 cordi·

253 5685 360 5740 eitlvara
377 5684 466 5759 (Paul.
479 5685 553 5756 ιι·()·.
569 5700 714 5756 perquam
732 5683 865 5754 triplicem
885 5698 983 5738 suumn
1002 5683 1044 5736 in-
1097 5681 1149 5737 bus
1162 5679 1279 5736 liliorum
1295 5681 1449 5744 bominum,
1469 5675 1593 5732 docento
1605 5689 1653 5731 eos
1665 5673 1773 5731 vivere:
1786 5689 1834 5732 eos
1848 5675 1892 5729 iu·

252 5776 345 5831 lundit
354 5780 484 5834 cordibus
500 5778 615 5844 nostris,
626 5777 752 5832 videlicet
765 5776 906 5842 lturrtilern,
919 5789 1042 5840 suavem,
1097 5788 1192 5842 (putatu,
1211 5773 1257 5843 qui
1273 5771 1444 5827 iimoauitate
1457 5768 1592 5825 sceletum
1614 5766 1727 5823 irivoluti
1740 5780 1795 5824 nort
1817 5764 1891 5822 scie·

252 5880 281 5924 (ι
296 5868 452 5926 locandum.
470 5868 503 5926 ut
517 5869 644 5926 videntur
657 5868 690 5924 ad
704 5883 801 5926 sottum
816 5868 945 5925 liumilern
956 5866 1043 5936 pcrti-
1098 5867 1163 5926 batrt
1181 5868 1282 5938 nitere,
1298 5869 1345 5925 sed
1358 5867 1448 5942 potius
1463 5865 1545 5922 vitant
1558 5861 1735 5925 corttuoutere.
1750 5859 1890 5922 locutnlus
