4425 6450
336 399 391 456 tab

839 407 1011 468 scentiam
1027 412 1269 475 TORNACENSlS
1291 418 1444 478 setscurt

1925 426 1980 484 dib

337 521 475 589 sequium,
492 520 644 580 benedeum
670 525 791 596 erogatis
811 538 999 599 augmentum,
1024 546 1073 588 nee
1093 547 1137 588 re·
1152 536 1173 595 tl
1188 549 1223 589 no
1235 535 1303 606 til),
1322 536 1422 595 nobilis
1435 537 1507 594 illius
1522 540 1572 595 riri
1591 547 1685 609 peetus
1703 538 1765 598 lieret
1782 540 1899 598 ierreum
1918 563 1981 616 pre-

339 613 384 683 gio
396 613 465 668 iaetu
480 629 530 682 per
547 614 593 668 llei
610 615 726 687 gratiam
741 619 923 675 sacerdotium
944 625 1135 693 premitis,nec

338 706 459 761 debitam
477 705 657 762 reuerentiam
670 710 826 765 sacerdotio
843 713 994 783 dertegatis.
1011 716 1135 788 Corque

340 799 368 855 in
380 798 442 855 aliis
452 798 616 869 quibusdam
631 799 722 870 regnis
734 814 782 870 per
793 804 963 873 tyrannidem
980 805 1134 876 principum

338 893 463 950 seruituti
479 886 602 967 subjecta
615 892 652 948 sit
665 894 799 961 Ecclesia,
813 895 839 950 in
851 905 943 953 restro
954 913 1003 968 per
1017 900 1134 970 regalem

338 982 511 1040 clementiam
525 996 642 1040 uestram
657 984 741 1041 libera
752 996 793 1042 est
807 997 834 1044 et
850 988 953 1058 quieta.
965 987 1136 1060 supradictae

339 1077 537 1144 persectttinnis
554 1094 568 1133 a
593 1079 659 1135 riris
682 1082 840 1149 potentibus
860 1082 1007 1151 gentilibus
1022 1094 1086 1139 tunc
1103 1082 1135 1138 it-

340 1168 403 1224 latm
415 1169 528 1226 calicem
544 1170 623 1236 bibit,
637 1181 663 1227 et
679 1172 818 1228 absinthio
831 1174 933 1230 doloris
944 1174 1077 1231 irrelrriata
1092 1183 1135 1229 est

339 1260 460 1317 Ecclesia
483 1263 570 1318 bertae
587 1263 701 1334 virginis
718 1263 878 1331 Genouela,
900 1266 926 1320 in
951 1282 1015 1336 qua,
1032 1265 1087 1323 Deo
1102 1266 1135 1320 li·

339 1361 385 1406 cet
409 1350 512 1423 indigni
528 1352 710 1418 deseruimus,
724 1353 821 1421 irarcta,
837 1354 927 1410 dictita
940 1364 966 1410 et
980 1353 1134 1411 cuotbusta.

340 1441 490 1498 Testantur
504 1444 555 1499 boc
582 1445 702 1516 parietes
718 1445 845 1501 incendio
861 1446 905 1502 illu
929 1448 1092 1517 consumpti,
1107 1458 1133 1504 et

340 1536 417 1593 calce
442 1536 469 1591 in
500 1537 620 1593 cinerem
655 1548 842 1607 commutata,
867 1540 1032 1609 putrefacti,
1054 1542 1137 1613 230

339 1631 452 1685 tretnoii
463 1647 496 1686 ex
512 1632 598 1686 exesi.
615 1630 668 1689 Eos
691 1646 823 1687 renouare
853 1633 1025 1701 incoepimus,
1040 1647 1137 1705 super·

338 1723 465 1793 pttttettdat
486 1739 553 1780 rtora
575 1723 710 1793 lignorum
730 1725 853 1792 materie,
872 1735 898 1780 et
923 1734 994 1781 tecto
1009 1724 1136 1796 plumbeo

274 1811 283 1831 ⁸
340 1820 528 1889 supponenda·
553 1818 608 1873 Nec
629 1820 680 1876 boc
704 1820 838 1887 dicimus,
856 1820 982 1892 princeps
1008 1819 1135 1874 victorio·

339 1907 460 1975 sissimo,
476 1918 505 1965 ut
529 1910 650 1982 querulis
670 1920 718 1965 ant
741 1911 875 1966 tancradicis
897 1911 1009 1965 nocitura
1032 1909 1136 1980 impm-

338 2011 406 2058 tune
427 2002 530 2074 aliquid
553 2004 596 2059 rel
618 2004 741 2074 improbe
768 2004 969 2074 postulemusa
992 2005 1136 2061 cletnentia

338 2109 452 2166 vestra,
468 2099 516 2155 sed
539 2107 568 2154 ut
592 2099 808 2157 misericorditer
833 2101 1065 2172 consarrguincum
1089 2116 1137 2156 te·

339 2203 427 2249 strrtm
445 2191 565 2247 ttolrilem
582 2192 671 2247 tirum
690 2189 824 2246 Cantatum
840 2194 984 2257 monentia,
999 2208 1032 2249 ne
1047 2191 1138 2247 omtd·

340 2297 378 2340 ue
393 2286 428 2340 sit
443 2285 587 2339 inimemor
601 2281 693 2339 fratris
704 2283 761 2338 suls
772 2281 948 2347 Waldemari,
961 2281 1006 2353 qui
1018 2282 1044 2337 in
1056 2283 1139 2338 beatu

338 2382 394 2432 tue
419 2392 469 2432 arro
493 2376 641 2432 cantaturicus
666 2385 760 2431 noster
782 2374 873 2431 lactus
896 2374 964 2446 (iil,
985 2376 1010 2429 in
1034 2374 1140 2431 celebri

339 2469 453 2526 claustri
470 2468 555 2523 nostri
582 2468 640 2524 loco
653 2469 788 2540 sepultus,
804 2486 830 2524 ru
854 2468 982 2524 otnnibus
997 2468 1139 2524 beneflciis

339 2561 639 2630 expiationibusque
658 2561 685 2616 in
701 2561 821 2618 Ecclesia
838 2570 930 2617 nostra
954 2561 1032 2622 tarra,
1049 2560 1137 2631 parti-

340 2669 417 2726 ceps,
430 2654 525 2720 irater,
538 2663 565 2708 et
578 2653 671 2710 socius
687 2669 739 2710 uec
754 2654 780 2708 in
800 2655 854 2709 rita
874 2663 979 2724 partem
998 2653 1136 2724 aliquam,

339 2757 371 2803 nt
386 2748 498 2814 elicitur,
511 2761 561 2803 seu
581 2744 732 2803 lattriculum
753 2747 921 2802 lraereditatis
938 2762 993 2802 sure
1006 2748 1137 2817 possedit,

341 2856 391 2896 uec
405 2848 594 2911 postmortem
608 2838 666 2895 sive
678 2840 746 2910 ipse,
766 2840 824 2895 sire
846 2839 967 2897 Ecclesia
983 2855 1032 2911 pro
1044 2855 1077 2895 eo
1088 2839 1139 2895 ali·

339 2934 405 3003 quid
426 2933 489 2987 inde
510 2931 643 3003 percepit.
656 2931 715 2989 l'nx
736 2931 851 3002 justitiae
873 2932 959 3005 ipsius
982 2933 1082 2989 claritat
1104 2937 1138 2991 ad

340 3028 454 3082 iratrera
475 3027 508 3082 dc
529 3037 601 3082 terra
619 3044 626 3080 a
644 3024 752 3092 Frater,
768 3026 803 3081 du
827 3027 893 3080 midi
915 3027 1059 3095 portionem
1077 3030 1138 3084 artb-

341 3123 447 3175 sturttia
460 3131 577 3189 pateruae
589 3135 648 3191 quoe
670 3135 711 3175 ans
729 3120 857 3191 contingit
872 3118 948 3193 (Luc.
965 3121 1025 3191 xv).
1051 3120 1140 3193 lioga-

1186 627 1264 682 cibus
1276 630 1453 700 expugnetis,
1466 639 1494 685 ut
1509 640 1618 687 mortuo
1638 628 1718 688 fratri
1733 640 1782 689 sito
1794 635 1909 705 gratiam
1926 652 1980 692 nnn

1186 730 1276 789 neget,
1290 732 1318 776 et
1340 724 1366 776 in
1383 730 1458 778 tanta
1480 725 1645 780 necessitate
1659 725 1800 791 Ecclesiae,
1816 729 1842 781 in
1857 743 1910 798 qua
1925 729 1984 785 lra-

1186 819 1229 865 ιιι
1247 811 1308 880 ejus
1331 822 1358 868 et
1380 812 1452 869 diem
1478 813 1576 869 clausit
1591 815 1983 889 uitimtunctdiemexspectat

1185 912 1357 970 extremum,
1383 919 1433 975 pro
1463 915 1519 961 tota
1550 907 1708 963 laarelitate
1737 924 1818 978 quam
1847 912 1981 981 possidet,

1185 995 1288 1065 aliquid
1303 997 1404 1063 strittat,
1418 998 1490 1053 unde
1505 1008 1532 1053 et
1545 998 1615 1064 apud
1632 996 1717 1054 Deum
1737 1000 1861 1055 securior
1874 1003 1910 1056 sit
1922 1004 1983 1074 ejus

1186 1089 1366 1153 carnulentia,
1379 1099 1406 1144 et
1421 1090 1491 1161 apud
1507 1091 1631 1147 homines
1644 1090 1757 1147 lrilarior
1770 1090 1853 1158 lama,
1865 1104 1892 1150 et
1907 1096 1982 1152 cirea

1186 1191 1325 1238 mortuum
1340 1183 1491 1239 liberalitas
1506 1192 1638 1253 appareat
1652 1186 1755 1249 debita,
1770 1194 1799 1239 et
1818 1187 1985 1243 lreoeruleu·

1187 1274 1224 1329 tia
1247 1273 1439 1330 manifestetur
1460 1272 1592 1330 iratterna.
1608 1275 1804 1332 citatissimum
1830 1275 1943 1333 fratrem
1955 1288 1983 1336 et

1186 1368 1352 1422 carrurricum
1381 1379 1504 1422 nostrum
1530 1369 1706 1437 praesentium
1734 1367 1849 1423 latorem
1873 1368 1907 1426 G.
1925 1370 1984 1427 cle·

1186 1458 1295 1512 uternis
1308 1467 1405 1512 restra
1419 1458 1660 1520 cotrrrnendamus,
1678 1467 1707 1511 ιιι
1721 1473 1782 1514 etttn
1805 1459 1887 1528 regali
1900 1458 1984 1528 jure·

1188 1548 1223 1603 tis
1241 1547 1398 1617 patricinio,
1416 1557 1455 1615 et,
1479 1547 1501 1602 si
1516 1563 1584 1618 opus
1598 1546 1692 1613 licerit,
1706 1547 1809 1603 auxilio
1820 1551 1982 1619 protegatis.

1186 1637 1283 1694 lladeat
1297 1647 1324 1693 ct
1341 1647 1449 1694 crescat
1465 1640 1492 1693 iu
1508 1639 1568 1696 dies
1593 1654 1702 1709 scurper
1720 1640 1921 1711 magnificentia
1937 1657 1984 1696 re·

1186 1738 1253 1783 sila.

1347 1822 1527 1895 231432
1543 1823 1712 1883 uetsruttt
1730 1824 1819 1882 cuti.

1279 1927 1314 1967 au
1333 1929 1486 1973 ortuense
1501 1932 1711 1973 susssruaexseu
1730 1932 1887 1977 setsceemt.

1189 2005 1275 2078 Rogat
1297 2025 1344 2078 pro
1359 2009 1415 2062 arria
1439 2010 1574 2064 certatricis
1592 2010 1625 2063 de
1644 2008 1786 2067 Firmitute
1810 2011 1931 2079 litionis,
1954 2024 1985 2067 art

1308 2096 1324 2133 ιι
1345 2082 1460 2146 quodum
1481 2096 1560 2135 orrcrc
1574 2092 1646 2135 curet
1663 2098 1706 2137 cor
1722 2083 1862 2139 subterra-t.

1225 2191 1299 2248 linter
1315 2200 1428 2249 ceteras
1446 2190 1621 2260 afflictiones,
1635 2192 1687 2249 sub
1708 2194 1809 2265 quibus
1829 2196 1910 2252 lrudie
1935 2212 1986 2267 ge·

1189 2286 1238 2340 ιιιῑι
1262 2284 1396 2349 Ecclesia,
1425 2295 1553 2341 uocaset
1575 2282 1711 2341 indebitas
1733 2286 1891 2343 exactiones
1914 2304 1985 2360 prae·

1189 2387 1263 2433 stare
1279 2376 1452 2446 compellitur
1468 2393 1476 2431 a
1494 2386 1522 2435 et
1536 2394 1599 2433 curn
1612 2376 1691 2433 liberi
1716 2378 1834 2434 debeant
1847 2393 1907 2434 esse
1923 2379 1984 2446 dlii,

1189 2468 1291 2524 tributa
1305 2467 1413 2523 seli-nm
1429 2478 1456 2523 et
1468 2470 1600 2535 decimas,
1616 2478 1747 2540 tanquam
1761 2470 1870 2540 penitus
1887 2470 1983 2526 alieni.

1189 2561 1290 2617 Verum
1315 2560 1422 2618 lucilius
1437 2561 1570 2620 toleratur
1586 2578 1601 2618 a
1620 2562 1735 2635 singulis
1756 2566 1828 2635 qued
1843 2565 1877 2621 ab
1892 2565 1984 2620 urrini-

1188 2651 1240 2709 bus
1254 2655 1418 2722 sustinetur,
1440 2670 1501 2711 cum
1518 2662 1612 2711 tamen
1633 2656 1753 2726 gemitus
1775 2656 1897 2712 orantium
1911 2656 1986 2714 doio·

1189 2761 1246 2805 rem
1257 2762 1310 2803 noo
1327 2746 1431 2803 minuat
1445 2746 1626 2818 singulorum.
1643 2746 1742 2818 Tangit
1758 2763 1806 2804 trus
1822 2749 1879 2803 lraee
1893 2748 1983 2819 plaga,

1189 2840 1343 2896 comunmis
1357 2838 1450 2906 Pater,
1461 2855 1522 2909 qaae
1538 2849 1643 2896 tautum
1655 2855 1708 2895 nou
1723 2840 1829 2906 irruitat,
1841 2840 1888 2895 sed
1900 2841 1984 2896 etiam

1189 2932 1304 2989 inritum
1321 2931 1416 2998 trabit,
1438 2939 1468 2986 ιιι
1495 2940 1522 2987 et
1550 2931 1662 2986 sulcatis
1677 2931 1806 2993 decimas,
1821 2941 1848 2985 et
1862 2930 1986 2986 decitnas

1189 3027 1305 3096 exigatis
1319 3026 1386 3096 (75).
1403 3024 1584 3081 successores
1599 3021 1794 3079 llelelt’scdeeb
1808 3022 1877 3078 iilius
1891 3022 1983 3075 daron

1190 3135 1243 3176 ιιοιι
1268 3127 1418 3185 excusant,
1435 3132 1486 3172 nec
1508 3117 1652 3171 leniturum
1677 3113 1836 3171 immunitas
1857 3117 1986 3186 portione

340 3232 414 3280 mars,
428 3214 613 3287 suppttcamus
628 3228 661 3269 ac
678 3212 808 3285 petiruus,
828 3222 857 3270 ut
873 3229 920 3270 vus
935 3212 980 3284 riui
995 3215 1075 3271 toties
1094 3228 1140 3269 ar·
1153 3224 1176 3289 c
1191 3214 1243 3271 sibi
1265 3228 1394 3270 concessa
1419 3211 1538 3284 gaudere
1559 3209 1739 3282 permittitur,
1763 3226 1824 3267 cum
1841 3211 1986 3267 enti-erens

302 3316 309 3327 ’
340 3312 396 3368 mis
408 3307 544 3377 superatis
554 3306 720 3377 ¹idololatras
739 3317 765 3362 et
776 3305 843 3381 jugo
854 3305 989 3376 sulxjicitis
1003 3304 1138 3363 Christia-

340 3479 386 3526 ιιι
408 3470 482 3526 Saxo
503 3468 698 3538 grammaticus
721 3468 747 3524 ln
777 3467 849 3522 tlara
872 3467 993 3529 Denice.
1009 3465 1056 3524 lib.
1085 3485 1137 3526 rx:

344 3560 355 3590 ι
373 3539 540 3594 {sardonicum
553 3536 699 3601 llagttntiae
715 3539 893 3595 constitutum
915 3538 1016 3594 auxilia
1031 3541 1138 3609 petitu·

341 3625 392 3665 rus
408 3610 533 3673 arcessit,
551 3618 578 3663 at
592 3609 746 3664 bardanicus
764 3623 873 3664 summo
886 3609 1083 3680 amplttteamtae
1096 3626 1139 3666 re-

341 3679 453 3748 ligionis
473 3681 573 3734 artiore
598 3679 740 3735 coniectus
754 3678 939 3735 conditionem
955 3679 1073 3735 barbaro
1087 3682 1139 3736 ob·

341 3751 517 3819 stiliconem
545 3749 703 3818 spondendo
718 3751 741 3806 si
766 3748 868 3806 Christi
895 3748 996 3805 cultum
1024 3753 1137 3821 exsequi

343 3821 607 3888 cerasensissct,qtra
631 3819 767 3875 sententia
795 3828 823 3874 et
850 3819 966 3875 salutem
993 3821 1092 3890 ltuspiti
1111 3834 1138 3877 et

342 3893 394 3948 sibi
417 3890 527 3962 pietatis
550 3890 716 3960 praecantium
742 3890 872 3961 peperit:
894 3889 1042 3944 llaraltium
1063 3892 1136 3948 enim

341 3963 457 4017 sulerrtni
473 3961 584 4017 lauacro
608 3977 686 4016 usum
710 3969 912 4032 consequenter
930 3959 1076 4016 saxonicis
1093 3977 1139 4016 ro·

340 4033 451 4089 liorarit
474 4031 594 4096 auxiliis,
608 4030 708 4101 quibus
721 4032 746 4087 is
774 4030 859 4087 iaetus
875 4031 903 4087 in
922 4032 1061 4085 territorio
1076 4030 1139 4087 Sle-

340 4104 428 4159 riensi
444 4101 586 4158 dicandam
610 4101 664 4158 lieo
682 4102 767 4157 aedem
781 4101 896 4157 sollicita
911 4101 1073 4157 moliebatur
1086 4103 1139 4157 im·

341 4188 439 4297 Rama.
465 4172 515 4228 llic
540 4173 632 4241 itaque
657 4172 825 4227 sanctissimi
849 4172 1136 4241 tenorisspecimena

369 4243 477 4298 oxnanis
503 4243 601 4296 ritilnrs
631 4250 780 4306 rtrtrtnatns,
803 4242 946 4310 protanam
971 4241 1136 4310 perddorum

343 4328 439 4368 errore
455 4312 553 4382 templa
569 4311 664 4377 diruit,
679 4310 849 4365 uictimarios
873 4311 1057 4383 proscripsit,
1086 4310 1136 4365 lla-

343 4384 457 4438 rnlnium
471 4380 622 4452 abrogavit.
634 4391 717 4451 atque
738 4380 883 4436 inconditae
897 4383 991 4452 patriae
1005 4381 1139 4437 Christia-

343 4453 425 4509 nismi
455 4467 533 4506 sacra
558 4451 662 4520 primus
684 4451 786 4515 intulit,
807 4451 964 4522 rejectoque
984 4451 1137 4507 daenronum

343 4523 417 4579 cultu
437 4523 558 4579 uicinum
581 4522 725 4578 annulatus
738 4530 790 4588 est,
810 4536 938 4593 supremo
959 4521 1089 4593 quidquid
1103 4524 1138 4576 ad

1190 3308 1273 3366 dacus
1286 3307 1441 3372 absorbeat,
1459 3321 1508 3363 uec
1525 3316 1615 3361 tannen
1630 3304 1762 3360 liberetur
1775 3304 1900 3361 Cirristus
1914 3306 1986 3360 rantle

1189 3468 1298 3541 gionem
1324 3464 1488 3548 propagarit
1502 3478 1574 3519 anus
1588 3462 1662 3526 aba:
1687 3462 1734 3532 qui
1758 3463 1842 3516 etiam
1862 3462 1985 3533 scipsrrm

1189 3541 1261 3610 apud
1277 3536 1403 3608 Angliam
1418 3535 1581 3606 parapsidem
1597 3532 1800 3590 Christianismi
1812 3532 1984 3590 solermtibus

1189 3610 1269 3680 aquis
1290 3605 1501 3664 burnectaodum
1529 3603 1666 3660 exhibuit.
1691 3604 1825 3659 Caeterum
1846 3606 1983 3672 privatam

1189 3681 1305 3739 salutem
1319 3678 1345 3733 in
1356 3677 1494 3761 publicam
1508 3677 1659 3730 exuberare
1673 3674 1798 3744 cupiens,
1811 3675 1846 3729 ab
1855 3675 1984 3743 Agapito,

1210 3751 1236 3806 ui
1251 3759 1318 3805 tuoe
1339 3745 1458 3804 ciuitatis
1474 3745 1603 3800 Romanae
1620 3745 1708 3800 sacris
1730 3753 1855 3814 praeerat,
1870 3744 1983 3801 Damam

1189 3768 1321 3878 divinitus
1333 3817 1437 3874 condiri
1447 3815 1553 3888 petiuit.
1573 3815 1675 3870 Deinde
1691 3829 1763 3870 amm
1779 3813 1842 3880 aet,
1854 3813 1986 3871 ‹leiuxtcto

1189 3892 1307 3948 llaraldo
1324 3889 1448 3961 piissimo
1467 3901 1540 3953 rege,
1553 3899 1697 3941 successor
1712 3886 1769 3955 ejus
1782 3884 1871 3938 soene
1888 3901 1985 3943 rursm

1189 3961 1353 4019 Citristianis
1368 3959 1491 4016 infensus
1507 3956 1568 4018 luit,
1584 3970 1741 4027 prosperam
1764 3954 1816 4009 sibi
1839 3956 1866 4009 in
1890 3956 1983 4022 diuina

1188 4033 1317 4090 scatendi
1331 4031 1503 4088 occasionem
1517 4026 1625 4083 senisse
1635 4028 1754 4096 gauisus,
1768 4033 1854 4081 totam
1871 4025 1984 4099 religio·

1190 4104 1233 4159 nis
1248 4105 1362 4173 stirpem
1375 4118 1390 4156 a
1412 4101 1504 4156 radice
1516 4097 1663 4163 eonntrlsit,
1675 4113 1764 4167 coeptae
1781 4105 1893 4152 auctore
1914 4099 1983 4155 ilani

1188 4184 1345 4242 susceptum
1363 4170 1519 4229 Diritritatis
1534 4168 1638 4223 ccultum
1654 4169 1766 4237 repetita
1790 4170 1984 4234 superstitione

1190 4253 1342 4298 mutarunt.
1359 4245 1394 4299 llt
1408 4256 1469 4297 curo
1490 4240 1536 4295 ille
1561 4238 1652 4293 Sueno
1673 4237 1719 4295 liei
1741 4239 1847 4294 viridice
1870 4241 1983 4296 dextera

1190 4327 1275 4382 regno
1297 4313 1394 4369 luisset
1420 4312 1570 4381 spoliatus,
1586 4310 1696 4363 tandem
1722 4309 1851 4377 resipuit,
1874 4320 1904 4365 ct
1931 4312 1984 4366 bac

1189 4381 1305 4439 fortune
1319 4382 1422 4438 saeuitia
1438 4382 1472 4438 ad
1491 4378 1708 4449 amplectendam
1733 4379 1872 4449 religionis
1891 4380 1982 4437 cbari-

1188 4453 1299 4510 ritatem
1315 4455 1439 4517 adactus,
1453 4452 1608 4507 abstractos
1619 4449 1738 4517 caligine
1758 4449 1854 4505 arculus
1868 4452 1982 4509 salutari

1189 4523 1259 4580 lucis
1271 4524 1501 4594 corrtemplatioue
1516 4520 1637 4575 srrssirdit.
1652 4537 1661 4570 ι
1677 4519 1739 4575 llaec
1754 4518 1835 4582 Sarae,
1851 4523 1897 4593 qui
1918 4525 1985 4579 sub‹

343 4595 484 4661 religionis
499 4593 651 4648 custodiam
666 4594 788 4654 attinuit,
804 4593 1044 4662 scrupulosissima
1070 4607 1135 4648 cura
1152 4589 1175 4645 b
1184 4592 1276 4666 jangit
1293 4596 1418 4652 eumdem
1449 4591 1599 4664 principem
1622 4602 1739 4660 quatuor
1758 4592 1930 4663 episcopatus
1954 4594 1983 4648 in

343 4666 483 4734 secamtt,
501 4666 548 4720 sed
573 4678 626 4717 raon
653 4675 707 4718 ιιιιι
731 4662 880 4719 edicaeitet·
904 4678 986 4734 qnam
1009 4664 1055 4732 pie
1077 4676 1135 4717 reru
1187 4679 1237 4721 stro
1254 4681 1338 4737 regno
1359 4665 1527 4735 designasse,
1553 4662 1741 4725 dtrrsiensem,
1766 4661 1982 4727 sleuiseensem,

342 4740 501 4808 aruspicatus
514 4746 567 4804 est3
587 4735 783 4804 superueniens
798 4735 872 4791 euim
886 4734 1040 4806 lloguetus,
1057 4733 1135 4789 indu

342 4818 441 4877 ctaqoe
454 4823 502 4878 per
515 4822 577 4863 cnm
592 4820 670 4863 sacra
687 4815 835 4870 temerans,
852 4819 915 4861 uera
930 4805 1059 4876 religione
1074 4817 1138 4874 pro·

343 4880 457 4950 scripta,
478 4880 593 4949 pristino
610 4877 791 4932 adulterinam
813 4875 874 4932 loeo
895 4877 1025 4942 restituit,
1039 4890 1072 4931 ac
1087 4889 1137 4930 >uo

342 4952 523 5002 aauetrronias
545 4951 649 5005 itenere
670 4948 794 5005 donarit.
818 4946 952 5004 llaraldus
976 4960 1042 5002 uero
1069 4960 1136 5016 pro·

343 5017 425 5089 largos
442 5017 579 5073 iortuoam
594 5018 628 5073 ad
642 5020 815 5090 sacrilegium
839 5020 1000 5075 transtulit:
1020 5032 1082 5073 natu
1107 5025 1138 5069 nt

343 5089 511 5160 praecipuum
525 5089 660 5144 inciroatce
683 5091 823 5161 religionis
842 5091 1002 5161 specimen,
1024 5091 1061 5145 ita
1081 5087 1138 5158 pri·

342 5176 418 5216 rarum
433 5161 562 5231 neglectae
572 5162 755 5229 spectaculum
772 5163 833 5228 icit,
845 5171 929 5232 atque
948 5156 1137 5230 exspletniido

343 5231 500 5287 sanctitatis
519 5239 641 5293 auctore,
661 5229 905 5302 inlatnisejnsdern
924 5231 1048 5288 desertor
1071 5245 1137 5285 era·

341 5303 389 5359 sit.
406 5300 504 5359 Enicas
514 5300 572 5370 ejus
592 5301 679 5357 irater
690 5318 750 5357 euru
765 5319 798 5357 eo
811 5303 954 5373 blagrmtiae
973 5302 1136 5370 baptizatus,

343 5374 460 5428 atiaura
487 5375 540 5429 ilde
561 5370 678 5435 tlclccit.
692 5384 720 5429 et
741 5373 768 5427 in
790 5374 963 5428 Claristiaoos
983 5372 1079 5428 saeviit.
1103 5373 1138 5424 at

344 5459 417 5499 auno
430 5444 541 5500 circiter
552 5443 616 5512 860,
627 5457 709 5500 suasu
727 5444 867 5513 ansgarii,
883 5442 1070 5499 Bremensium
1086 5456 1137 5494 au-

343 5514 449 5581 tistitis,
462 5517 582 5572 animum
597 5516 630 5568 ad
646 5515 774 5585 pictatem
787 5530 869 5587 quam
885 5522 1008 5579 exuerat,
1023 5527 1133 5568 conaer-

344 5585 387 5650 tit,
405 5585 540 5641 idolorum
560 5586 665 5641 cultum
689 5599 784 5641 rursus
807 5584 936 5651 aboleuit,
952 5601 983 5639 ac
998 5582 1138 5654 sacrilegae

345 5656 444 5711 trientis
464 5669 558 5712 errore
586 5658 721 5726 deposito,
741 5657 873 5727 quidquid
896 5672 945 5727 per
962 5654 1136 5712 insolentiam

343 5729 530 5792 eorrtruiscrat,
546 5728 678 5798 expiat-iu
694 5738 854 5797 tantumque
869 5729 896 5783 irr
918 5727 1067 5783 excolenda
1094 5739 1138 5779 ne·

345 5794 445 5864 irgione
459 5812 491 5852 se
506 5799 600 5880 gessit,
621 5806 754 5870 quantum
779 5809 873 5870 egerat
900 5797 927 5853 in
951 5797 1136 5869 aspernanda.

345 5865 431 5924 lilius
445 5868 517 5923 Erice
532 5869 564 5923 in
577 5877 618 5925 ter·
640 5871 763 5939 parentis
785 5869 906 5941 uestigiis
921 5870 1060 5937 insistens,
1072 5866 1137 5923 reli·

1188 4734 1334 4807 llipcnsem
1354 4751 1386 4790 ae
1403 4734 1639 4796 llosclrildeusem,
1654 4731 1754 4799 quibus
1767 4733 1850 4787 ueluti
1865 4740 1984 4803 quatuor

1188 4809 1347 4865 cardinibus
1367 4807 1523 4864 Claristlaoa
1549 4803 1643 4874 religio
1658 4803 1685 4857 in
1707 4800 1792 4857 Darda
1815 4805 1935 4860 stabilita
1949 4821 1983 4862 ac

1188 4878 1295 4934 llrmata
1311 4889 1353 4936 est
1365 4893 1436 4933 ιιιιιιο
1447 4875 1511 4933 993.

1224 4951 1282 5021 (75)
1298 4949 1454 5005 Canotricus
1473 4949 1580 5005 scilicet
1600 4949 1634 5001 ad
1648 4946 1874 5010 srrccurreudum,
1895 4957 1980 5004 uter

1189 5019 1348 5090 Necrnlngia
1363 5019 1391 5075 S.
1402 5019 1548 5075 senonens
1562 5017 1760 5076 recensuimus.

1224 5092 1281 5162 lid)
1298 5093 1335 5146 be
1349 5092 1446 5147 Cariati
1462 5091 1634 5161 irreligione
1649 5087 1822 5158 propaganda
1839 5089 1910 5156 zelo,
1922 5090 1982 5145 lraec

1189 5163 1284 5218 scribit
1310 5160 1440 5217 blerisius
1466 5162 1492 5215 itt
1518 5160 1589 5216 llist.
1615 5159 1684 5212 Dnn.
1707 5162 1741 5211 ad
1767 5173 1869 5213 anuum
1887 5160 1981 5216 idda:

1170 5250 1201 5283 ·ι
1218 5231 1291 5287 luter
1318 5232 1368 5286 ista
1396 5232 1422 5285 in
1445 5231 1586 5286 livoniam
1607 5229 1677 5284 Darii
1696 5243 1772 5282 arma
1798 5231 1981 5292 transtulere.

1189 5312 1271 5374 atque
1284 5301 1404 5371 regionis
1418 5301 1490 5356 illius
1511 5301 1634 5357 inddeies
1655 5308 1747 5368 coeptu
1764 5299 1817 5354 illis
1838 5301 1981 5369 praedicari

1188 5375 1272 5429 uerbo
1296 5374 1343 5427 liei
1356 5387 1406 5440 per
1431 5373 1580 5427 antistitem
1596 5371 1756 5427 uenientum
1771 5385 1804 5425 ac
1823 5371 1982 5426 bertoldum

1189 5459 1373 5500 successorem
1385 5443 1547 5498 rebellantes
1557 5444 1697 5508 domuere,
1712 5449 1739 5494 et
1753 5444 1786 5495 ad
1804 5442 1884 5497 dalem
1898 5440 1982 5496 Cleri·

1188 5516 1305 5570 stianam
1323 5514 1472 5570 anniversitas
1494 5512 1712 5584 amplectendam
1733 5511 1871 5585 pepulere.
1890 5530 1901 5564 x

1224 5585 1281 5656 (¹15)
1298 5587 1431 5640 institutae
1455 5583 1565 5638 luerunt
1579 5584 1691 5640 ‹tcetrme
1704 5599 1777 5638 arrato
1793 5583 1861 5639 ll88
1883 5599 1898 5636 a
1918 5581 1983 5637 eta·

1189 5655 1262 5725 lippo
1273 5657 1397 5728 dugtrstu
1412 5670 1473 5710 eum
1495 5655 1547 5710 iter
1569 5652 1829 5726 ierosolymitanum
1848 5655 1982 5722 straet-pit,

1189 5727 1338 5796 dequibus
1362 5725 1497 5798 liigordus
1523 5726 1580 5780 ltrec
1602 5726 1683 5781 babet
1700 5742 1707 5778 a
1723 5742 1733 5776 ι
1750 5723 1923 5781 Celebrattnu
1940 5732 1983 5778 cst

1189 5799 1335 5853 castellium
1351 5812 1366 5851 a
1388 5796 1513 5865 l’irilippo
1528 5810 1603 5864 rege,
1616 5797 1774 5852 corrroeatis
1794 5793 1921 5849 ontrribns
1936 5809 1983 5847 ar·

1189 5867 1382 5940 cbiepiscopis,
1411 5867 1558 5940 cpscupis,
1581 5865 1738 5936 abbatibus,
1761 5876 1787 5924 et
1804 5865 1889 5924 ttrtitrs
1905 5862 1983 5932 regni
