4425 6450
290 357 327 421 te
715 348 915 422 ‘sessionis
935 364 1082 421 sonans
1104 364 1477 425 suntnestnsotcsnsts
1890 375 1925 431 εε

289 482 444 539 ιιιιιιιιῑειιεε
459 481 516 552 pro'
524 480 636 538 cbristo
649 482 761 552 pateris,
773 482 796 537 si
809 495 920 537 carnem
937 489 1010 537 tuam
1022 484 1084 538 eiu·
1098 494 1122 550 Α
1136 490 1211 538 strat
1224 485 1251 538 in
1267 492 1304 545 te,
1321 483 1363 538 sic
1375 484 1449 540 euim
1467 482 1595 542 cnrlstas
1610 485 1715 543 babilst
1730 486 1756 542 lu
1769 496 1806 545 ιε.
1820 488 1888 545 liam
1903 494 1925 547 si

289 575 377 644 cingis
392 567 454 629 cunt
469 573 544 629 vitiis
555 581 582 628 et
596 572 1083 643 concupiscentiis,sieutetClrristus
1135 577 1201 632 lldes
1214 586 1259 631 toa
1276 577 1336 631 sine
1350 576 1485 631 charitate
1499 584 1552 641 est,
1566 577 1634 633 lides
1648 587 1691 632 tua
1706 588 1812 635 mortua
1830 590 1884 642 est.
1899 594 1927 636 at

289 668 439 723 erucibxus
449 675 501 731 est,
514 678 613 721 carnes
638 664 714 720 rituli
744 664 898 721 comedisti.
926 664 954 719 Si
982 674 1080 721 saneta
1132 668 1173 723 sic
1185 667 1309 723 Christus
1321 666 1349 721 in
1364 675 1390 721 te
1408 666 1832 737 ntortuusest.1lemocrgostbi
1849 671 1926 726 blaa·

289 757 436 815 elevatione
451 759 478 813 in
492 756 591 813 caelum
606 755 697 812 delers
707 768 819 828 peccata
834 757 925 828 populi
950 757 1084 829 interpeld
1133 758 1224 812 diatnr
1237 759 1270 812 de
1287 758 1414 827 lronaspe
1427 760 1925 817 exterioriscontersationlslormam

288 848 350 904 lans
366 864 415 919 pro
426 849 480 911 eis,
495 862 595 905 carnes
615 848 685 905 hirci
707 849 846 905 emissarii
870 849 1025 905 comedisti.
1052 849 1081 905 Si
1132 848 1242 919 pietatis
1256 848 1324 905 ioris
1338 851 1511 919 praetendens
1526 851 1553 905 in
1567 852 1646 907 bouis
1659 852 1798 921 operilurs,
1823 852 1846 908 si
1859 868 1925 909 con-

288 941 521 1010 contemplatione
547 939 671 997 eoelestia
693 950 842 1011 penetras,
869 942 941 998 inter
969 939 1083 1013 angelos
1133 940 1245 998 scientia
1257 942 1406 998 criminosa
1419 951 1474 1008 est,
1487 944 1510 999 si
1526 942 1672 1000 desideriis
1684 943 1840 1000 carnalibus
1851 945 1925 1001 intus

288 1031 784 1101 conrersaris,etbouadlueresquasi
808 1047 878 1088 anos
896 1032 1009 1103 spiritus
1019 1047 1082 1088 curn
1132 1042 1241 1101 aestuat,
1256 1035 1279 1088 si
1296 1033 1361 1089 odio
1377 1034 1420 1090 rel
1432 1033 1535 1091 invidia
1547 1036 1709 1106 eaeterisque
1722 1035 1926 1107 sitiisspirita-

287 1134 320 1174 eo
333 1117 458 1184 effeetus,
480 1120 726 1177 carnescnlumbae
739 1122 890 1177 comedisti.
918 1122 946 1177 Si
958 1125 1082 1194 suspiras
1133 1127 1205 1182 libus
1218 1128 1293 1182 intus
1310 1109 1441 1182 obsessus
1463 1137 1519 1194 est,
1541 1128 1605 1197 quia
1630 1127 1711 1183 bouis
1738 1128 1926 1186 exterioribus

287 1210 505 1279 praesentiente
520 1212 599 1269 taetlio
610 1222 639 1267 et
652 1227 746 1268 amore
761 1211 949 1284 luturaepuam
966 1215 1078 1270 deside·
1132 1217 1257 1272 Claristus
1276 1230 1329 1271 non
1343 1216 1478 1285 pascitur,
1505 1232 1566 1287 quae
1590 1217 1735 1273 clraritatis
1758 1218 1925 1289 pinguedine

287 1317 333 1358 ras
361 1301 434 1360 sicut
453 1304 496 1359 ille
511 1305 558 1374 qtri
574 1304 644 1361 dixit
661 1321 670 1362 t
688 1304 746 1361 ileu
769 1306 847 1372 mibi,
860 1308 924 1376 qttia
946 1308 1082 1362 incolatus
1132 1324 1185 1362 non
1207 1306 1400 1363 informantur.
1412 1308 1447 1363 Et
1459 1310 1530 1364 sicut
1542 1310 1624 1364 ltomo
1646 1318 1771 1365 mortuus
1788 1309 1865 1367 eibos
1877 1311 1924 1365 de·

286 1410 365 1452 rueus
379 1396 553 1466 prolongatus
568 1406 612 1453 est
634 1397 735 1469 (Pron,
750 1399 838 1469 exrx),
855 1413 952 1455 earnes
967 1400 1081 1455 tentaris
1131 1396 1229 1453 licatos
1239 1397 1261 1451 si
1272 1395 1467 1463 eiolierautur,
1478 1413 1532 1454 non
1545 1399 1660 1470 sttscipit
1671 1398 1924 1464 adnatrlnaenten,

286 1488 441 1545 eotnedisti.
466 1490 512 1552 Sic
524 1504 590 1561 erpo
603 1488 631 1545 lu
642 1504 728 1547 carne
747 1490 862 1556 Christi,
874 1491 901 1546 id
915 1502 958 1548 est
971 1493 999 1547 iu
1020 1492 1080 1561 ejus
1131 1490 1171 1544 sic
1183 1498 1211 1544 et
1226 1489 1271 1544 bei
1285 1488 1372 1546 Filius
1386 1505 1469 1561 opera
1483 1490 1554 1547 bona
1566 1490 1684 1560 respuit,
1698 1506 1759 1561 utre
1772 1490 1847 1548 lacta
1872 1508 1924 1563 per

286 1581 467 1648 immanitate,
480 1592 507 1637 et
519 1584 735 1653 compassionem
748 1585 887 1653 peniteret
902 1584 1077 1660 relectionexp
1131 1583 1218 1636 stralus
1232 1582 1266 1636 ad
1279 1583 1379 1637 bouum
1397 1584 1479 1638 lineat
1497 1597 1551 1638 nnn
1565 1584 1690 1640 tendunt.

285 1668 451 1726 invenimus.
1166 1672 1234 1730 Sunt
1247 1682 1337 1729 autern
1354 1674 1405 1729 tria
1421 1690 1483 1745 qttae
1495 1674 1660 1730 bornittema
1676 1676 1758 1735 domo
1773 1692 1822 1733 sue
1836 1688 1922 1736 mate·

322 1761 469 1817 Possumus
485 1772 512 1816 et
524 1764 606 1819 aliter
625 1763 777 1835 intelligere
791 1764 864 1835 quod
877 1763 990 1831 dicitur,
1006 1761 1076 1820 Ver·
1130 1764 1190 1820 riali
1205 1764 1355 1832 expellunt,
1367 1764 1582 1832 scilicetlumns,
1596 1764 1778 1830 stillicidium,
1785 1776 1812 1824 et
1824 1768 1925 1826 mulier

284 1854 350 1908 bum
366 1870 433 1912 earo
448 1854 615 1912 factumest.
630 1856 771 1926 siqnidem
785 1856 903 1912 Verbum
919 1855 966 1911 Dei
985 1871 1077 1910 mora·
1092 1827 1117 1888 Β
1132 1858 1250 1928 litigiosa
1268 1875 1275 1911 ι
1289 1867 1317 1913 ει
1331 1856 1428 1914 eadent
1445 1857 1496 1911 tria
1515 1857 1679 1927 spiritaliter
1693 1857 1833 1916 intellecta
1846 1860 1924 1917 Clari·

284 1948 348 2004 liter
358 1948 440 2005 babet
451 1963 524 2013 ossa,
539 1949 829 2005 similiteretearnem.
843 1946 912 2004 Ossa
927 1949 1005 2004 verbi
1022 1949 1077 2003 tir·
1128 1960 1202 2007 stum
1225 1950 1366 2020 expellunt
1388 1950 1423 2005 de
1446 1950 1576 2007 cordibus
1597 1950 1708 2008 nostris.
1739 1948 1842 2006 Funras
1856 1966 1923 2022 ergo

285 2052 358 2099 tutes
374 2050 491 2105 serenet
507 2042 641 2112 spiritalia
662 2043 843 2105 charismata,
864 2042 964 2112 quibus
986 2042 1077 2097 auium
1128 2044 1237 2100 vanitas
1248 2050 1290 2099 est
1304 2057 1394 2098 rerum
1411 2041 1612 2112 temporalium,
1628 2058 1688 2113 quaa
1703 2045 1923 2112 mutatibilitate,

284 2135 431 2189 roboratur
444 2133 722 2201 adjustincattonem.
747 2133 903 2189 Carererbi
920 2145 985 2190 sunt
1000 2136 1069 2190 bona
1129 2135 1295 2194 mortalitate
1319 2135 1361 2191 sel
1382 2136 1540 2192 omnimodo
1557 2137 1664 2192 delectu
1679 2146 1808 2207 tanquam
1831 2136 1923 2193 lrnnrrs

284 2225 449 2305 camurana,
464 2226 564 2295 utribus
583 2240 683 2295 eorpus
706 2224 830 2281 relicitur
852 2226 886 2281 ad
912 2224 1074 2283 consolatio·
1129 2229 1924 2299 evanescunt,utpotedititiae,bonores,nobilitas,lorma,

283 2333 361 2373 nerra.
375 2318 403 2373 ln
416 2309 586 2388 spiritalibus
597 2333 664 2390 ergo
676 2318 742 2373 siris
761 2320 874 2376 verbum
889 2318 1001 2387 spiritus
1021 2328 1074 2382 est,
1128 2329 1158 2377 ει
1168 2322 1291 2391 potentia
1305 2320 1386 2390 hujus
1398 2319 1497 2386 seculi,
1512 2328 1540 2376 et
1554 2330 1655 2376 caetera
1673 2319 1751 2385 talia,
1768 2336 1828 2388 qttae
1841 2336 1920 2375 aara-

283 2409 329 2477 uui
339 2406 438 2462 lilium
449 2408 497 2462 bei
507 2417 617 2478 propter
628 2409 748 2479 seipsum
757 2409 883 2479 diligunt,
895 2418 923 2463 et
936 2418 1077 2477 ctlnienlp·
1129 2411 1309 2468 toresmundi
1329 2419 1457 2481 tanquam
1476 2411 1677 2481 perpetuasine
1695 2426 1821 2466 mensura
1838 2426 1922 2482 super

282 2504 319 2556 tis
335 2503 414 2556 bonis
433 2500 631 2570 temporalibus
654 2502 679 2556 ei
706 2500 847 2557 adbaerent
869 2503 896 2555 ln
916 2500 1024 2569 justitia
1048 2513 1077 2558 et
1128 2503 1218 2558 omnia
1233 2502 1347 2573 diligunt
1361 2520 1369 2557 a
1383 2517 1445 2573 quae
1459 2504 1522 2557 dum
1533 2502 1605 2560 sient
1619 2501 1711 2557 tarmus
1726 2514 1920 2573 pertranseunt

283 2592 437 2648 sanctitate.
453 2593 481 2647 ln
496 2593 665 2648 amatoribus
684 2593 765 2662 lrtrjus
781 2594 873 2649 mundi
888 2596 1075 2649 rerbamearo
1128 2594 1267 2663 replentes
1297 2608 1346 2649 cor
1361 2592 1481 2649 bominis
1499 2593 1691 2657 amaritudine,
1715 2591 1853 2647 Christum
1868 2593 1920 2647 ba·

282 2685 325 2747 ιιι,
337 2683 382 2753 utri
396 2683 493 2738 Filitun
509 2684 553 2737 bai
567 2699 620 2739 non
637 2695 748 2755 propter
767 2700 797 2740 se
819 2685 1003 2755 diligunt,sed
1014 2700 1075 2755 pro-
1127 2686 1273 2742 bllatorem
1287 2688 1321 2743 de
1332 2686 1501 2743 conscientia
1517 2686 1666 2757 expellunt.
1692 2685 1773 2743 Certe
1784 2686 1916 2757 quiequid

281 2787 342 2848 pter
360 2778 429 2833 bona
446 2775 624 2846 temporalia,
652 2793 712 2847 quae
734 2776 769 2832 ab
790 2793 822 2834 eo
844 2779 1015 2848 accipiuntur
1028 2795 1035 2832 :
1049 2787 1077 2834 et
1128 2779 1155 2835 in
1168 2781 1271 2834 mundo
1287 2778 1427 2844 istoutile,
1443 2776 1662 2845 terminante
1688 2777 1850 2833 delectabile
1871 2793 1920 2849 ap-

280 2871 385 2925 omissa
400 2870 520 2924 omnimu
537 2868 653 2938 spiritali
665 2869 821 2932 dulcedine,
836 2869 918 2923 bonis
939 2879 1075 2937 tempora·
1127 2878 1216 2940 paret,
1232 2884 1380 2940 possumus
1403 2869 1530 2926 bistrioni
1556 2885 1729 2943 comparare,
1751 2868 1797 2940 qui
1826 2879 1923 2939 pestus

281 2962 355 3019 libus
367 2961 510 3016 adltareut
524 2973 630 3014 utrumn
644 2959 808 3014 intentione.
826 2957 921 3013 Nonne
936 2960 985 3014 tibi
1000 2959 1076 3014 ride·
1127 2963 1210 3020 modo
1242 2963 1372 3028 laetantis,
1387 2964 1467 3020 modo
1484 2963 1602 3020 dolentis
1621 2964 1649 3019 in
1672 2978 1703 3019 se
1725 2964 1855 3036 suscipit,
1882 2965 1921 3020 ita

281 3065 327 3111 tur
339 3053 644 3111 llerbumearo-laetum
656 3054 682 3108 iu
694 3053 737 3109 lais
750 3052 795 3123 uui
813 3042 1074 3109 antumcnrisnant
1126 3067 1157 3111 ιιι
1180 3057 1306 3113 rideatur
1326 3056 1472 3127 aliquando
1497 3071 1602 3111 summa
1630 3055 1749 3121 laeticia,
1773 3057 1924 3127 aliquando

282 3146 405 3204 nominis
420 3147 663 3217 participes,onmi
677 3145 873 3201 studioracant
887 3142 1111 3236 rolrrptatibusc
1127 3164 1234 3205 samma
1265 3148 1375 3205 cristina
1401 3146 1527 3205 enectus,
1556 3149 1611 3204 sen
1637 3149 1683 3220 qni
1705 3147 1826 3219 perluere
1856 3164 1919 3205 eunt

280 3244 344 3299 ritae
360 3242 453 3314 lrrrjus,
470 3241 718 3298 comessationibus
733 3248 761 3295 et
775 3237 966 3301 ebrietatibus,
982 3238 1077 3293 earnis
1125 3243 1295 3316 cognoverit,
1324 3242 1352 3298 in
1381 3250 1499 3311 ulmeae
1529 3249 1606 3310 gestu
1639 3238 1750 3297 stultum
1782 3249 1810 3296 et
1837 3241 1918 3311 quasi

280 3337 430 3404 illecebris
443 3336 546 3390 divitiis
569 3333 792 3404 congregandis?
810 3331 905 3388 Nnttne
928 3329 976 3386 tibi
993 3331 1073 3385 vitle-
1127 3334 1282 3391 dementem
1296 3333 1441 3405 reputabit,
1458 3332 1560 3389 Eodem
1573 3333 1772 3388 modoetbnna
1786 3332 1837 3388 ists
1848 3341 1919 3387 lens·

282 3437 328 3484 tor
343 3429 652 3485 llerbttnrcarolactum
668 3429 694 3485 in
715 3428 768 3493 bis,
785 3428 833 3499 eati
852 3429 886 3484 de
908 3424 1074 3496 patrimonio
1126 3426 1231 3499 peralta
1254 3425 1372 3496 speeiem
1398 3424 1478 3482 nobis
1498 3423 1647 3480 ostendunt
1671 3421 1826 3487 histrionis,
1852 3423 1919 3478 dum

280 3520 412 3578 Crucillxl
427 3523 562 3589 virentes,
573 3523 671 3578 exinde
682 3531 799 3592 pascunt
809 3536 862 3577 nou
875 3535 1008 3591 pauperes
1025 3519 1074 3575 sed
1126 3536 1176 3576 sua
1192 3519 1396 3591 pulchritudine
1415 3519 1520 3590 pariter
1542 3527 1570 3573 ει
1597 3516 1714 3572 utilitate
1739 3517 1772 3571 ad
1796 3516 1917 3585 ineptam

281 3630 378 3680 canes,
401 3616 558 3684 accipitres,
585 3614 753 3680 histriones,
769 3623 795 3670 et
816 3622 932 3684 erogant
956 3612 1022 3671 illud
1046 3612 1073 3667 iu
1126 3628 1177 3669 nos
1190 3612 1300 3668 trabunt
1314 3610 1452 3677 laetieiam,
1469 3617 1496 3666 et
1512 3610 1539 3664 in
1558 3608 1666 3666 deiectu
1683 3623 1733 3664 suo
1751 3616 1857 3663 mentes
1868 3621 1919 3662 nu-

280 3723 382 3776 praros
406 3723 472 3763 usus
495 3718 523 3763 et
550 3705 711 3778 sacrilegus,
733 3721 803 3776 quos
826 3706 918 3760 verb-is
935 3705 1074 3775 explicare
1127 3714 1199 3760 atras
1215 3699 1419 3758 sdmtestitiam
1431 3699 1574 3756 inducunt.
1590 3698 1641 3765 Qut
1653 3713 1719 3769 erpo
1732 3713 1830 3753 sanum
1842 3711 1920 3752 men-

280 3805 456 3859 iulronestum
469 3810 497 3857 et
515 3799 691 3857 audientibus
713 3799 786 3856 lorte
810 3799 970 3855 scandalum
987 3797 1075 3853 inler—
1128 3799 1163 3854 tis
1180 3795 1263 3853 nabet
1274 3795 1393 3859 oculum,
1414 3793 1455 3848 sic
1472 3793 1506 3849 ad
1522 3791 1573 3848 ista
1589 3789 1748 3860 teumoralia
1771 3790 1860 3848 risum
1874 3789 1919 3846 ‹li-

281 3899 341 3955 retl
360 3897 383 3954 0
406 3899 496 3952 aninlo
513 3896 625 3962 misera,
643 3910 703 3966 quae
717 3893 796 3950 bonis
809 3892 871 3948 istis
881 3891 1076 3962 temporalibus
1127 3890 1200 3962 rigat
1214 3897 1244 3944 ut
1254 3897 1431 3946 contemnere
1456 3900 1488 3941 ea
1513 3884 1603 3955 potius
1616 3882 1681 3938 velit
1704 3896 1787 3952 quam
1813 3893 1916 3937 amare.

281 4004 333 4060 per
355 4004 476 4046 aaronem
490 3998 545 4045 tam
563 3989 742 4060 pertinaciter
762 3985 897 4047 insedisti,
918 3984 993 4039 disee
1009 3983 1075 4053 quid
1127 3981 1199 4038 nana
1211 3982 1234 4038 si
1247 3981 1310 4053 quis
1320 3977 1408 4051 diligit
1421 3977 1553 4034 mundana
1574 3977 1666 4040 istum,
1683 3984 1792 4030 nonest
1808 3970 1920 4029 dilectio

282 4089 374 4143 lacere
388 4087 489 4142 delum
510 4087 544 4141 ab
559 4086 670 4141 bomine
685 4084 731 4152 nui
748 4083 911 4153 accipitrem
934 4089 1026 4150 portat
1047 4081 1074 4135 in
1127 4077 1178 4133 bat
1194 4075 1220 4130 in
1232 4089 1265 4129 eo
1289 4073 1314 4144 ll
1327 4073 1409 4129 loon.
1425 4070 1470 4142 n).
1493 4069 1546 4126 Per
1556 4066 1725 4124 stillicidium
1737 4065 1809 4137 quod
1824 4062 1919 4136 expel-

282 4181 350 4235 laera
363 4189 393 4234 ut
405 4179 491 4249 iactet
503 4192 566 4234 eum
577 4175 612 4231 ad
627 4175 770 4230 (lustenam
785 4185 812 4230 et
832 4176 872 4229 sic
888 4174 1007 4243 praedam
1027 4187 1076 4228 ea·
1128 4167 1160 4222 lit
1174 4164 1311 4222 bominem
1333 4163 1367 4219 de
1390 4163 1471 4219 domo
1486 4177 1548 4229 sua,
1563 4160 1646 4216 rerba
1672 4157 1814 4215 discordie
1830 4163 1858 4212 et
1871 4154 1920 4210 de·
1987 4165 1990 4169 “

236 4254 244 4261 ’
280 4270 407 4342 pinnensi
420 4269 532 4324 ittsidias
544 4267 668 4323 tetendit.
683 4265 749 4321 llam
763 4269 786 4322 si
801 4265 980 4329 caelareeum
994 4264 1076 4321 iaciat
1130 4255 1514 4328 traetiunumiutelliguntur.
1536 4253 1701 4311 sicutenim
1714 4245 1920 4324 puttaestilliei·

284 4362 318 4417 ad
334 4362 487 4425 sinistram,
506 4359 575 4414 nihil
590 4357 708 4430 prolicit
730 4359 779 4414 sed
803 4358 893 4428 perdit
916 4371 1026 4426 operam
1049 4367 1077 4413 et
1129 4354 1239 4410 silicum
1256 4360 1358 4408 tectum
1369 4359 1514 4424 penetrant
1534 4367 1588 4408 uon
1609 4349 1705 4405 sinunt
1724 4360 1785 4402 esse
1810 4342 1921 4416 quietos

282 4457 448 4524 impensam.
463 4452 508 4507 Sic
526 4461 553 4506 et
572 4460 598 4505 tn
615 4452 698 4506 lromo
713 4450 856 4512 secularis,
876 4450 953 4521 errius
973 4465 1021 4506 eor
1048 4451 1074 4504 iu
1130 4446 1190 4502 illos
1201 4460 1284 4517 super
1298 4460 1367 4515 quos
1378 4444 1592 4510 cecineritrt,sic
1600 4452 1628 4497 ει
1637 4440 1720 4497 rerba
1730 4435 1918 4507 huiuscemodi

284 4547 363 4609 lauta,
376 4544 402 4599 id
418 4555 471 4609 est,
482 4545 507 4597 iu
522 4541 599 4597 lionis
613 4542 809 4613 temporalibus
829 4555 877 4611 per
892 4555 1013 4596 amorem
1030 4558 1076 4598 re·
1092 4538 1247 4609 bequiete
1260 4537 1360 4594 mentis
1374 4535 1514 4592 bominem
1533 4533 1660 4604 ejiciunt,
1671 4545 1760 4588 crtma
1775 4523 1920 4586 malevolis

283 4636 414 4708 quiescit,
428 4638 472 4690 lae
496 4634 606 4690 evolare
621 4633 779 4704 accipitrem
797 4642 884 4696 tuum,
901 4634 927 4687 id
948 4643 1000 4698 est,
1016 4635 1078 4689 aui·
1130 4631 1302 4696 bominibus,
1317 4631 1343 4686 iu
1356 4627 1580 4699 aliosjaciuntur.
1595 4627 1659 4683 lude
1674 4624 1746 4682 euius
1762 4622 1921 4678 nutriuntur

283 4747 358 4787 mutu
372 4737 463 4792 tuum,
478 4729 676 4791 adnumerato,
694 4727 720 4782 id
736 4736 789 4791 est,
801 4724 833 4779 ad
856 4723 1016 4795 capiendam
1038 4726 1079 4779 ri·
1129 4723 1282 4790 discordiae,
1300 4731 1506 4780 commoventur
1526 4718 1672 4791 simplices.
1690 4717 1837 4772 turbantur
1860 4713 1917 4769 dis-

284 4835 341 4878 tant
366 4832 552 4885 ateramum
566 4822 715 4876 sicalaers
740 4820 775 4876 ad
804 4821 930 4875 dextram
955 4827 1078 4876 trartseat
1129 4819 1211 4880 creti,
1243 4817 1418 4886 impatientes
1440 4815 1559 4886 litigant,
1581 4821 1610 4867 et
1637 4808 1765 4866 natalitiosi
1795 4805 1920 4863 inmitem

284 4914 728 4983 nrrnrbuuaternpuraliaiupias
746 4920 1017 4984 eattsaserogataet
1037 4914 1078 4968 sic
1129 4909 1243 4964 malitiae
1276 4924 1332 4963 succ
1367 4907 1429 4963 inde
1455 4912 1613 4970 assumunt,
1639 4904 1736 4973 sieque
1763 4895 1919 4969 brtjtrsmodi

284 5008 1077 5080 adipiseitursumnramillambcatitudinemqrtoepcrdes-
1129 5001 1297 5058 stillicidium
1314 5013 1366 5070 pax
1384 4999 1428 5054 illa
1445 4998 1555 5062 trientis.
1565 5011 1626 5067 111111
1643 4995 1715 5050 ⁰0⁰⁸
1737 5001 1792 5054 el²·
1816 4990 1850 5046 ³¹¹
1869 4990 1918 5045 ¹¹⁰·

282 5110 370 5158 teram
386 5100 567 5169 sigtrillmtur.
579 5099 645 5155 Natu
657 5110 685 5156 et
700 5102 753 5157 iste
764 5101 846 5157 etiam
859 5101 1076 5167 modo,lerbom
1129 5097 1203 5151 mine
1227 5093 1373 5165 expellitur
1397 5110 1404 5144 ε
1426 5093 1490 5161 qnia
1520 5089 1638 5145 nonnisi
1665 5089 1693 5142 in
1717 5101 1783 5157 pace
1812 5084 1917 5139 liabitat

285 5211 352 5253 caro
364 5196 466 5254 laetum
485 5203 528 5250 εει
541 5203 569 5249 ει
585 5194 690 5249 inabitat
706 5195 733 5249 in
748 5197 838 5260 uobis,
855 5196 917 5250 nuru
933 5197 972 5251 sic
987 5197 1077 5266 diligi·
1130 5191 1211 5251 neus,
1232 5188 1302 5243 sicut
1317 5186 1447 5257 scriptum
1464 5195 1506 5241 est
1522 5200 1530 5236 ε
1548 5182 1579 5236 Et
1594 5181 1681 5236 iactus
1692 5187 1734 5234 εει
1752 5179 1778 5232 iu
1793 5190 1861 5247 pace
1880 5174 1919 5228 Ιο-

285 5308 347 5347 mus
364 5295 436 5347 boua
455 5289 613 5360 ternporal'ra
628 5298 657 5344 ιιι
672 5287 763 5343 inillis
786 5289 932 5357 erogandis
945 5303 1077 5346 conemur
1129 5296 1177 5338 0¹¹⁵
1193 5280 1251 5348 01⁰⁵
1270 5277 1474 5350 (Ρ1111·11111)·
1489 5273 1649 5341 Quicunque
1660 5285 1725 5342 1181)
1734 5265 1918 5323 V¹¹¹¹V⁸¹¹fl¹¹¹¹

287 5387 321 5439 ntl
335 5384 456 5439 coetesna
476 5383 629 5452 pervenire.
642 5381 693 5436 l‘er
710 5381 835 5437 uirtutem
856 5382 992 5450 siquidem
1009 5381 1081 5440 Ver-¹
1129 5375 1176 5429 Dei
1191 5374 1218 5427 in
1232 5388 1262 5428 ιι
1274 5372 1376 5427 bebere
1387 5370 1579 5430 habitatorem,
1591 5367 1700 5420 ¹¹⁰¹¹¹¹¹m
1717 5377 1794 5419 ⁵¹¹³ss¹
1810 5365 1919 5429 0l>⁰¹¹0¹

287 5477 351 5530 ltttm
367 5472 474 5530 ltabltat
488 5475 514 5528 iu
531 5474 620 5538 notris,
634 5473 705 5528 siettt
717 5471 820 5526 Patulus
835 5471 918 5527 dicit:
935 5472 1076 5526 Gltristurn

288 5568 425 5636 perficiem
439 5568 565 5625 habitam
579 5570 606 5623 in
623 5566 752 5623 cordibus
770 5567 884 5622 plostris,
903 5564 997 5638 (Epire,
1015 5570 1076 5637 snt.)
1130 5567 1201 5614 becio
1210 5555 1310 5612 deliteat
1321 5556 1347 5609 itt
1357 5563 1468 5616 berlum,
1478 5552 1514 5607 lla
1529 5560 1558 5606 lli
1570 5566 1618 5621 libi·
1630 5551 1760 5604 virtutem
1776 5541 1919 5617 paclellllae

289 5660 343 5715 Sed
359 5669 398 5727 tu,
412 5663 504 5729 borna,
519 5663 564 5733 qai
576 5663 716 5719 Clrristum
728 5659 768 5714 ris
778 5659 803 5713 in
819 5668 843 5715 tc
858 5657 958 5713 babere
971 5657 1078 5713 nauita·
1130 5661 1253 5725 protecta
1269 5648 1358 5721 quies,
1375 5662 1438 5704 eum
1463 5644 1556 5700 verbis
1571 5639 1713 5698 ntalerolis
1735 5654 1788 5694 uon
1811 5645 1919 5708 pertus·

292 5759 391 5818 rotatu,
411 5762 438 5806 et
464 5753 574 5807 dornttnt
598 5752 772 5811 conscientie
788 5759 841 5804 tua
866 5763 915 5818 per
943 5749 1024 5803 idem
1051 5748 1076 5803 ei
1129 5748 1219 5803 netur.
1242 5740 1338 5797 llulier
1354 5739 1473 5811 litigiosa
1496 5751 1556 5807 utrae
1582 5733 1695 5806 expellit
1722 5729 1859 5788 bominem
1883 5725 1918 5780 (¹0

289 5844 471 5912 praeparasti,
483 5846 545 5900 side
564 5847 707 5918 diligenter
722 5843 834 5903 annales
848 5857 897 5912 par
915 5841 1077 5898 alienitatem
1118 5841 1210 5898 domo
1239 5852 1299 5903 sua,
1316 5848 1379 5891 caro
1403 5841 1494 5891 nostra
1516 5837 1567 5897 est,
1580 5845 1630 5900 per
1647 5822 1768 5882 carnalia
1782 5818 1927 5897 desideria
