4425 6450
349 404 400 462 ιιι
983 399 1336 460 εειειιιειιιιιιιειε
1933 406 1986 472 nn

349 521 412 585 ruit.
425 515 461 577 ita
480 518 506 574 iu
532 515 651 575 essentia
671 512 876 585 cognoscantur
896 528 958 569 curn
982 516 1136 580 evenerint,
1155 513 1387 580 Abumanitatis.
1415 503 1486 574 unde
1500 518 1601 575 dicitnr
1617 536 1624 575 :
1643 521 1712 588 Quia
1729 522 1856 580 Socrates
1872 536 1914 581 ert
1927 531 1988 582 arri·

348 624 376 672 et
387 612 469 670 etiam
487 620 561 673 aare.
573 622 667 664 uerum
681 616 733 663 est.
1192 607 1256 673 mal,
1274 606 1397 665 Socraten
1419 621 1458 666 ert
1479 612 1565 670 bomo.
1582 611 1610 667 ln
1628 615 1775 671 contrariis
1799 630 1866 674 vero
1889 631 1989 677 aueto-

387 705 462 761 Solet
473 702 556 758 etiam
576 698 662 771 quaeri
686 712 719 753 au
734 697 906 769 prescientia
922 697 958 753 sit
972 710 1054 752 carrea
1067 696 1141 753 lutu·
1193 699 1319 756 ritatibus
1344 710 1433 768 notat.
1450 703 1527 773 onia,
1549 719 1662 761 enrrsam
1676 707 1737 763 sine
1750 722 1816 778 qua.
1839 710 1920 766 utin
1939 711 1986 767 ills

351 812 455 862 rorum,
473 793 516 851 uel
528 792 696 849 econtrario.
709 791 786 859 Quod
798 789 871 847 enim
882 788 973 845 diuina
990 790 1140 860 praescien·
1191 807 1245 847 non
1261 802 1412 863 propterea,
1425 803 1479 853 etc.
1494 796 1535 851 rel
1546 797 1657 867 ponitur
1670 800 1734 870 puin
1748 815 1798 871 pro
1814 802 1900 868 mod.

350 891 387 946 tia
414 889 451 943 sit
470 900 554 941 carisa
587 892 702 940 creatus
726 883 777 946 rei.
794 882 832 938 ita
858 880 954 937 volunt
980 882 1139 937 ostendere.
1226 884 1293 941 ltem
1309 886 1508 944 ascomannos
1522 900 1559 944 est
1572 889 1654 955 Dens,
1677 909 1724 948 nec
1741 904 1779 948 εει
1797 896 1892 966 olinae
1909 913 1986 953 ιη..

351 983 407 1058 (ιιι
434 984 487 1037 bnt
513 982 644 1053 possibile
656 988 700 1037 εει
713 988 759 1035 aut
779 979 947 1050 impossibile
958 993 1002 1035 res
1014 994 1068 1034 oon
1080 992 1142 1035 csse
1192 984 1315 1032 terraram
1329 992 1339 1030 .·
1354 979 1405 1035 nar
1415 978 1546 1036 locutione
1557 984 1683 1037 amariter
1694 985 1726 1053 fit
1736 1002 1822 1042 rernm
1833 989 1868 1045 de
1880 990 1985 1059 aliquo,

350 1085 499 1131 ercrrturas
512 1087 574 1129 cum
590 1072 645 1129 sint
664 1087 680 1127 a
701 1070 757 1127 ileo
782 1070 926 1143 praescitae,
940 1071 988 1128 sed
1013 1081 1055 1127 εει
1078 1085 1141 1143 pos-
1192 1071 1238 1125 aed
1252 1072 1357 1127 nonnisi
1370 1074 1403 1128 ιε
1420 1076 1535 1130 ruentia
1550 1074 1589 1131 sel
1598 1093 1734 1145 perseam·
1754 1097 1817 1152 ergo
1830 1083 1864 1139 ιε
1883 1100 1916 1140 ea
1928 1101 1987 1142 me

349 1171 445 1236 sibile;
472 1184 538 1241 erga
560 1169 690 1239 possibile
711 1177 754 1225 εει
780 1167 827 1225 Dei
849 1165 1049 1238 praescientiam
1073 1166 1141 1223 latii.
1191 1162 1301 1228 eicitur,
1322 1165 1393 1235 qaod
1413 1182 1465 1221 non
1484 1168 1519 1221 sit
1536 1182 1618 1223 enum
1636 1179 1833 1228 ereaturarum.
1850 1174 1985 1238 Fallacia.

350 1263 405 1321 Sed
436 1270 480 1320 est
507 1260 677 1333 impossibile
694 1278 703 1317 r
721 1275 788 1332 ergo
824 1261 919 1316 eadem
945 1261 1053 1316 ratione
1091 1260 1142 1314 im·
1192 1252 1294 1310 ldolum
1311 1265 1420 1313 nonest
1437 1261 1573 1326 naturale,
1591 1262 1987 1326 bacloeutionefitsermode

350 1352 482 1425 possibile
505 1361 549 1408 εει
571 1366 616 1408 res
639 1349 720 1407 aliter
743 1351 864 1407 euerrire.
889 1350 955 1407 item
979 1368 987 1407 z
1008 1349 1142 1407 Possibile
1193 1362 1310 1419 corpore
1334 1350 1407 1421 quod
1424 1361 1467 1407 est
1490 1352 1613 1416 idolum:
1639 1370 1704 1413 rere
1725 1357 1826 1414 dicitur
1840 1362 1916 1430 quod
1931 1379 1985 1419 non

351 1456 394 1503 est
423 1461 468 1503 res
494 1445 575 1502 aliter
604 1446 714 1501 euenire
742 1459 823 1514 quam
858 1444 1012 1511 eueniant,
1040 1444 1088 1500 εει
1118 1442 1140 1497 si
1192 1442 1383 1507 esturmenta,
1410 1453 1438 1498 ct
1461 1443 1562 1501 locutio
1579 1447 1687 1504 nonnisi
1703 1462 1797 1506 rerum
1822 1451 1985 1523 significat:

350 1539 431 1594 aliter
457 1539 611 1604 eveniunt,
636 1537 716 1593 aliter
735 1536 868 1608 prescitae
892 1546 972 1604 surrt;
996 1551 1062 1607 ergo
1087 1532 1140 1608 [ει
1192 1544 1256 1601 ergo
1271 1529 1432 1604 decarpere
1445 1536 1517 1605 quod
1542 1546 1586 1593 est
1599 1538 1700 1596 idolum
1714 1556 1778 1598 tere
1794 1544 1899 1600 dicitur
1911 1547 1986 1616 guod

350 1631 481 1704 possibile
509 1639 551 1687 εει
588 1645 632 1687 res
657 1628 738 1685 aliter
764 1629 875 1685 evenire
898 1644 979 1701 quam
1008 1630 1142 1701 praescitae
1193 1633 1297 1678 nonest
1312 1626 1448 1681 naturale.
1462 1625 1539 1693 item,
1556 1628 1629 1685 bens
1648 1632 1756 1700 praescit
1770 1632 1828 1688 sola
1844 1632 1938 1690 lutura
1959 1646 1987 1691 et

351 1728 415 1782 sirit.
432 1725 515 1781 item:
528 1722 698 1795 impossibile
712 1730 753 1778 εει
775 1737 820 1777 res
836 1721 917 1778 aliter
930 1721 1043 1779 evenire
1059 1735 1141 1791 qnam
1192 1714 1298 1782 omnint
1315 1730 1380 1787 ergo
1398 1718 1508 1787 olescit
1522 1733 1555 1774 ca
1568 1734 1630 1791 qua
1647 1736 1700 1777 non
1716 1731 1780 1778 sunt
1797 1731 1918 1781 mutum.
1929 1723 1984 1784 Sed

351 1816 484 1886 praescire
498 1824 579 1883 suot;
594 1830 648 1870 non
662 1815 806 1870 euenirent
822 1829 865 1870 res
879 1814 931 1869 nisi
950 1828 965 1868 a
981 1814 1036 1870 [leo
1049 1822 1142 1869 essent
1193 1805 1266 1864 Deus
1282 1811 1391 1879 {urescit
1402 1827 1432 1867 se
1444 1812 1629 1881 iudicaturum
1650 1815 1798 1884 mundum;
1813 1831 1882 1890 ergo
1896 1818 1982 1876 beura

351 1908 484 1977 prescitae
494 1924 501 1973 ;
513 1922 580 1979 ergo
593 1906 684 1963 divina
701 1905 872 1976 praescientia
887 1913 931 1961 εει
950 1919 1032 1960 causa
1047 1918 1140 1959 rerum
1158 1874 1255 1957 Βεεεε
1265 1901 1451 1971 judicaturum
1471 1906 1614 1971 erundum,
1630 1916 1683 1961 noa
1698 1916 1758 1973 est,
1770 1918 1798 1965 ει
1813 1910 1851 1965 ita
1868 1925 1923 1965 non
1940 1919 1983 1967 εει

351 2016 412 2070 ortas
436 2000 576 2055 escuinus.
614 2000 655 2057 sd
680 1998 753 2066 quod
786 1997 870 2054 etiarn
896 1997 962 2054 lacit
989 1996 1141 2053 auctoritas
1193 2010 1298 2060 uerum,
1316 2012 1367 2054 nec
1381 1997 1466 2053 aliud.
1480 1998 1534 2054 Nos
1546 1999 1665 2055 dicimus
1678 2002 1753 2071 quod
1767 2000 1825 2058 sola
1843 2001 1941 2059 lutura
1955 2014 1984 2061 et

351 2092 497 2162 Augustini
513 2090 569 2156 (88)
585 2090 703 2148 dicentis
721 2107 728 2143 ε
748 2086 913 2146 «Universae
923 2098 1067 2145 creaturas
1082 2099 1139 2144 tam
1193 2098 1224 2139 ea
1240 2100 1370 2155 quianon
1386 2097 1451 2143 sunt
1474 2089 1585 2160 praescit
1604 2088 1688 2154 Deus,
1711 2099 1739 2145 et
1765 2091 1886 2150 dicimus
1913 2096 1982 2163 nrrod

351 2185 509 2255 corporales
531 2199 613 2252 ortam
635 2180 777 2252 {spiritales
802 2195 856 2236 non
882 2181 944 2238 ideo
970 2182 1046 2237 norit
1074 2180 1140 2250 quia
1192 2176 1282 2231 oratio
1305 2176 1371 2232 dicti
1393 2177 1564 2248 designativa
1591 2193 1644 2233 nnn
1664 2194 1773 2250 semper
1797 2197 1915 2249 rcrrrm,
1937 2184 1984 2240 εει

351 2284 427 2340 ειιιιι,
450 2276 497 2331 εει
521 2274 582 2329 ideo
607 2284 671 2329 surrt
693 2274 757 2343 quio
771 2271 857 2328 nouit.
875 2289 885 2323 ι
900 2270 978 2339 erod
995 2272 1017 2328 si
1032 2272 1142 2327 dicatur
1192 2269 1356 2339 orrandoque
1368 2278 1495 2324 euentum
1508 2270 1669 2337 significat:
1685 2274 1720 2327 de
1733 2288 1788 2343 quo
1799 2274 1982 2345 diciturrgnod

350 2371 444 2427 diuina
456 2367 631 2438 prescientia
647 2382 730 2423 causa
746 2382 837 2422 rerum
852 2381 912 2436 quar
924 2365 1065 2431 eueniunt,
1078 2378 1140 2421 curn
1193 2376 1256 2416 enm
1281 2361 1409 2430 praesciat
1431 2361 1514 2429 [leurs.
1542 2364 1589 2419 εει
1612 2364 1725 2435 quarrdo
1746 2367 1774 2421 iu
1790 2367 1982 2438 designatione

349 2460 523 2534 praescientia
546 2459 583 2516 sit
597 2470 652 2518 tarn
671 2458 801 2514 debonis
818 2458 949 2529 quamde
965 2458 1064 2521 malis.
1088 2457 1143 2513 erit
1192 2458 1319 2515 eventus,
1333 2459 1361 2507 et
1379 2453 1490 2522 quando
1503 2454 1529 2508 in
1545 2452 1734 2524 designatione
1744 2459 1923 2516 enuntiabilis
1936 2476 1983 2531 po·

350 2569 435 2610 „usa
459 2568 514 2609 „011
549 2561 654 2607 ramum
680 2551 835 2617 bonorum,
867 2550 915 2605 gen
942 2557 970 2605 ει
994 2548 1139 2604 pratorum,
1192 2539 1431 2597 niturillaoratio
1455 2556 1489 2597 ει
1515 2542 1687 2600 diversorum
1710 2547 1858 2604 verborum
1884 2549 1984 2621 edjau·

350 2643 594 2714 Econtrarioqnod
607 2658 652 2699 res
665 2643 721 2699 sint
734 2657 818 2698 causa
833 2640 932 2696 diuinae
947 2638 1142 2710 praescientiae,
1193 2633 1284 2688 ctione
1304 2634 1424 2704 prudens
1445 2633 1590 2706 indagator
1606 2638 1714 2695 virtutis
1728 2655 1822 2696 rocem
1837 2643 1982 2714 petelphb

350 2739 458 2793 ridetur
482 2737 574 2793 dicere
620 2732 752 2805 Origenes
771 2732 848 2805 (89);
875 2750 885 2785 r
913 2729 971 2786 Non
994 2740 1142 2802 propterea
1193 2724 1213 2779 F
1215 2724 1387 2797 attactaego
1398 2737 1424 2782 te
1435 2728 1513 2785 uideo
1528 2729 1642 2795 sedere:
1658 2738 1685 2787 ιε
1694 2732 1851 2791 εειειε.εει
1865 2749 1961 2789 rerum
1976 2747 1984 2791 t

352 2830 455 2901 aliquid
471 2836 515 2885 est
541 2828 675 2891 futurum,
702 2825 766 2895 grtia
789 2824 815 2880 id
832 2825 903 2880 Deus
920 2822 972 2878 scit
997 2821 1140 2885 luturnm;
1192 2831 1259 2887 crgo
1278 2818 1359 2875 rideo
1372 2835 1479 2877 rerum.
1493 2821 1572 2888 item,
1589 2823 1612 2879 si
1627 2823 1700 2880 Deus
1713 2822 1815 2895 aliquid
1831 2828 1983 2895 prescivit.

351 2921 398 2976 sed
414 2920 478 2991 quia
495 2925 538 2974 εει
553 2916 674 2972 luturum
686 2956 694 2981 ‚
708 2916 770 2971 ideo
792 2915 907 2972 scitura
924 2914 1142 2981 nonuunquam
1193 2905 1259 2962 illud
1273 2922 1385 2966 necesse
1408 2919 1452 2966 est
1474 2911 1587 2968 ereoire
1608 2928 1617 2967 ε
1642 2912 1714 2969 bens
1740 2913 1793 2970 boc
1821 2917 1984 2985 praescirit3

353 3013 410 3067 tlat.
430 3029 439 3062 r
456 3010 533 3076 erod
545 3017 634 3064 tamen
646 3008 669 3062 si
681 3008 804 3073 dicatur,
820 3006 919 3063 laisum
934 3006 1043 3061 ridetur
1056 3002 1110 3058 dici
1132 3018 1140 3057 z
1192 3012 1258 3069 ergo
1273 3013 1385 3057 necesse
1399 3010 1443 3057 εει
1457 3002 1510 3058 boc
1523 3002 1636 3059 erenire
1653 3018 1660 3055 :
1677 3003 1730 3061 boc
1740 3003 1860 3061 soluitur
1878 3021 1928 3077 per
1943 3008 1985 3063 in·

352 3102 412 3158 lloo
432 3111 557 3159 creatum
571 3109 614 3157 εει
630 3115 712 3157 causa
729 3100 862 3165 increati,
878 3113 929 3155 nec
944 3096 1075 3153 mutabile
1089 3095 1142 3163 iru-
1194 3093 1427 3162 terpretationem.
1457 3093 1511 3149 Sed
1535 3093 1635 3150 iterum
1659 3094 1745 3151 instat
1770 3096 1811 3154 sic
1832 3097 1889 3154 :st
1912 3098 1985 3154 Deus

352 3194 505 3262 nrrrtabilis,
526 3209 577 3252 nee
592 3194 745 3268 temporeis
760 3192 866 3250 aterni.
1154 3217 1176 3277 G
1193 3188 1295 3258 attqntd
1320 3189 1468 3261 prescivit,
1495 3188 1561 3247 illud
1585 3193 1713 3261 eueniet;
1734 3208 1848 3254 necesse
1860 3181 1913 3252 ἐει
1930 3195 1985 3253 boe

388 3289 442 3346 Sed
465 3287 546 3345 lacile
573 3298 616 3344 εει
643 3287 751 3344 εοιιειε
776 3285 906 3356 praedicta
928 3283 1068 3355 assignata
1092 3282 1142 3338 lal-
1195 3280 1279 3337 Deum
1304 3283 1476 3351 praecinisse
1491 3299 1499 3340 :
1513 3299 1702 3357 ergonecesse
1723 3297 1767 3345 εει
1787 3289 1840 3345 boc
1858 3291 1982 3355 evenire.

351 3382 422 3438 lacla
439 3379 648 3448 compositionis
662 3388 690 3435 et
713 3377 855 3434 divisionis
877 3375 904 3431 in
920 3376 1070 3447 premissis
1082 3390 1143 3446 pro
1193 3383 1221 3431 ει
1236 3376 1288 3432 boe
1310 3376 1408 3432 laisum
1424 3393 1472 3449 per
1489 3379 1744 3450 interpretationem
1771 3383 1983 3452 assumptionis.

351 3472 544 3548 positionibus.
565 3471 633 3526 Cum
658 3470 732 3527 enirn
757 3469 858 3524 dicitur
874 3487 880 3523 :
899 3467 1071 3538 impossibiie
1099 3475 1142 3522 est
1194 3466 1253 3523 Non
1268 3470 1342 3524 enim
1356 3478 1398 3526 est
1414 3486 1526 3527 neeesse
1545 3471 1628 3527 ileum
1643 3473 1695 3527 boc
1711 3475 1905 3542 praescivisse,
1919 3475 1984 3530 licet

351 3579 398 3622 res
424 3563 505 3619 aliter
532 3561 644 3618 evenire
668 3575 751 3631 onam
780 3561 836 3616 sint
865 3560 1018 3631 praescita;
1042 3557 1065 3614 si
1092 3571 1142 3626 per
1193 3561 1245 3616 boc
1260 3562 1296 3617 sit
1311 3563 1345 3619 ιε
1359 3564 1518 3634 praeterito,
1536 3565 1600 3634 qrria
1614 3565 1674 3634 elus
1688 3578 1805 3623 eventus
1818 3574 1927 3636 spectat
1946 3569 1981 3624 ad

352 3655 577 3725 compositionem
601 3652 782 3724 intedigatur,
798 3652 825 3708 id
846 3660 889 3708 est
914 3647 1082 3720 impossibile
1096 3653 1140 3701 εει
1194 3651 1424 3718 laturum.Quare
1437 3653 1518 3707 etiam
1532 3654 1641 3709 ridetur
1652 3655 1722 3711 Deus
1734 3656 1984 3727 prasctrgotdgntd

352 3750 410 3804 lnce
423 3747 477 3801 drro
492 3745 572 3801 simui
592 3742 742 3814 essequod
761 3757 806 3799 res
819 3743 857 3798 ita
876 3741 1004 3797 eueniant
1017 3746 1044 3794 ει
1062 3737 1142 3792 aliter
1194 3742 1345 3811 prascirit;
1374 3753 1401 3800 et
1419 3752 1495 3815 patet
1510 3742 1620 3810 solutio.
1636 3746 1699 3817 quia
1722 3761 1775 3802 uon
1793 3747 1925 3818 quidquid
1939 3762 1984 3803 se·

351 3840 406 3892 sim
421 3836 565 3906 praescita,
578 3849 672 3890 rerum
696 3842 757 3897 εεις
771 3835 793 3887 si
810 3846 876 3889 vero
898 3846 949 3902 per
964 3829 1139 3894 diuisionem,
1193 3834 1247 3889 mel
1259 3836 1366 3904 praescit
1378 3836 1460 3903 bens,
1469 3851 1576 3907 semper
1590 3841 1717 3908 ριιεεειις
1731 3838 1787 3894 sola
1799 3839 1875 3894 enim
1889 3838 1982 3894 lutura

351 3929 519 4001 impossibile
541 3935 586 3984 est
609 3941 654 3983 res
671 3925 751 3982 aliter
765 3926 876 3983 evenire
890 3938 973 3995 quam
988 3932 1045 3980 srnt
1070 3935 1141 3994 prae·
1193 3928 1315 3998 praeseit.
1340 3929 1395 4002 42
1421 3931 1459 3985 lle
1482 3931 1630 3999 praeteritis
1646 3942 1737 3988 autem
1753 3941 1781 3990 ει
1798 3934 1983 4005 presentibus

351 4022 437 4084 belial,
459 4020 484 4075 ld
511 4028 554 4075 esi
570 4019 664 4075 resita
680 4026 746 4074 sunl
762 4017 905 4088 praesente,
927 4024 955 4072 el
970 4013 1141 4085 impossibile
1192 4030 1240 4076 aul
1254 4022 1462 4094 incongruunt
1477 4022 1546 4079 falso
1568 4023 1671 4080 dicitur
1692 4027 1763 4094 quod
1785 4041 1818 4083 οε
1840 4029 1980 4097 praefigi,

352 4121 395 4167 cst
407 4125 455 4166 eas
466 4110 546 4167 aliter
560 4109 684 4174 evenire,
698 4107 797 4163 laisum
809 4116 863 4164 εει.
877 4106 1063 4163 Auctoritates
1073 4118 1140 4162 sero
1192 4112 1333 4170 Praecinit
1357 4116 1430 4170 enim
1457 4116 1528 4171 ileos
1552 4117 1684 4170 nrrrndnm
1707 4117 1882 4187 creandum,
1908 4118 1982 4189 qrrod

351 4202 557 4272 praevidentur
573 4201 605 4256 ad
631 4202 684 4257 boc
705 4201 867 4265 contrariae,
883 4199 965 4255 lacile
989 4199 1142 4254 concordes
1193 4205 1275 4260 rnodo
1287 4193 1348 4261 ¹nou
1363 4207 1484 4277 praescit,
1510 4206 1575 4276 qnia
1593 4207 1649 4277 jam
1670 4209 1837 4277 praeteritum
1849 4219 1905 4265 est.
1924 4208 1982 4266 llus

353 4292 612 4349 irrueuiunturbreri
626 4292 804 4360 expositione.
815 4291 838 4348 si
850 4291 877 4347 in
892 4290 933 4346 eis
945 4291 1141 4359 quaeridentur
1193 4305 1356 4352 autemnon
1377 4298 1511 4368 conringii
1529 4313 1563 4353 nx
1578 4298 1687 4353 detentu
1711 4298 1835 4355 scientia
1856 4300 1906 4356 bet
1932 4302 1981 4355 sert

353 4385 423 4439 uelle
440 4384 514 4455 quod
536 4383 711 4454 prescientia
734 4383 770 4438 sit
796 4395 880 4438 causa
904 4390 1018 4437 erentes
1048 4395 1140 4435 rerum
1175 4388 1285 4458 „potius
1302 4403 1336 4445 er
1357 4389 1549 4443 anterioritate
1564 4392 1693 4458 temporis
1713 4390 1785 4460 iqua
1799 4401 1915 4445 vocatur
1929 4390 1982 4445 boc

353 4478 505 4546 adaptanda
526 4484 570 4533 est
589 4475 687 4531 notitia
709 4491 771 4532 cum
795 4476 968 4548 beneplacito
981 4477 1043 4534 buic
1058 4476 1140 4533 serbo
1193 4478 1280 4535 serbo
1294 4479 1417 4547 prescio)
1430 4490 1459 4532 et
1470 4486 1571 4533 everrtu
1587 4479 1628 4534 rei
1649 4493 1709 4549 quae
1722 4479 1815 4535 lutura
1840 4488 1912 4534 erat.
1927 4478 1983 4533 Ta·

353 4570 432 4631 nonii,
448 4570 520 4640 quod
538 4567 740 4638 beneplacitum
757 4577 800 4625 εει
819 4582 903 4624 causa
916 4569 1037 4626 omnium
1053 4570 1141 4626 bono
1157 4558 1179 4613 ὓ
1194 4550 1404 4640 ιιιειιῳιιιιμιίι
1427 4570 1512 4624 semel
1527 4570 1581 4625 scit
1596 4571 1677 4637 Deus.
1693 4586 1802 4642 semper
1818 4572 1884 4635 scit,
1898 4572 1924 4627 irl
1938 4580 1983 4628 est

354 4676 414 4715 rum
426 4670 455 4715 nt
476 4661 504 4716 in
521 4675 552 4717 ea
570 4659 754 4726 auctoritate,
769 4661 906 4715 uniuersas
923 4674 1069 4727 creaturas.
1086 4671 1141 4718 ctc.
1193 4661 1323 4731 rpuidqnid
1337 4663 1421 4718 semel
1442 4675 1485 4719 est
1501 4665 1652 4734 subiectum
1664 4666 1723 4735 ejus
1733 4663 1855 4721 scientiae
1872 4678 1982 4733 semper

353 4752 381 4827 ln
399 4767 432 4807 eo
452 4751 527 4807 enim
549 4749 622 4822 quod
639 4749 740 4805 dicitur
755 4747 848 4817 Nouis,
865 4749 1028 4820 intelligitur
1044 4751 1142 4807 notitia
1192 4752 1396 4821 astsubjectnnr
1425 4755 1485 4824 cjrrs
1511 4756 1655 4822 scientiae;
1677 4757 1740 4825 guia
1761 4755 1823 4811 sire
1848 4754 1896 4820 sit,
1923 4755 1983 4811 sire

354 4855 381 4896 ει
393 4841 605 4913 beneplacitum,
630 4841 671 4897 rel
697 4850 787 4913 potest
810 4843 884 4913 quir,
911 4853 1009 4898 notare
1031 4857 1142 4899 eausam
1193 4857 1247 4898 nou
1261 4846 1308 4906 sit.
1326 4843 1385 4913 ejus
1403 4845 1529 4900 scientie
1553 4843 1706 4911 subjectum
1729 4853 1782 4909 est,
1804 4860 1867 4900 cum
1889 4846 1924 4900 de
1947 4861 1983 4902 eo

355 4941 414 4991 sture
434 4950 508 5006 qrra3
532 4937 575 4991 vel
597 4945 689 5005 potest
710 4950 771 4992 esse
793 4933 958 4990 ratiocinata
972 4934 1142 5005 conjunctio,
1193 4949 1246 4989 non
1270 4934 1373 5003 aliquid
1399 4935 1510 5001 desinat
1524 4936 1673 5005 scirequia
1688 4935 1775 5004 ipsum
1792 4933 1895 4989 desinit
1908 4948 1981 4990 εεεε.

355 5044 409 5085 non
421 5026 555 5093 causalis;
582 5026 609 5080 id
634 5035 676 5081 cst
700 5028 721 5082 sl
746 5027 821 5083 norit
841 5027 913 5083 Deus
934 5026 1033 5098 aliqua,
1050 5028 1142 5085 lutura
1193 5023 1249 5078 Nisi
1268 5023 1330 5093 quis
1350 5023 1415 5079 uelit
1429 5022 1521 5079 dicere
1536 5022 1610 5077 nulia
1622 5037 1683 5078 εεεε
1705 5023 1765 5091 ejus
1781 5021 1982 5103 scientiasulr-

354 5125 419 5175 sunt
437 5114 477 5170 vel
495 5113 607 5170 luerunt
620 5112 663 5168 rel
679 5123 771 5180 eruat,
784 5116 856 5173 sicut
868 5131 930 5171 cunr
949 5116 1061 5182 dicitnr,
1076 5096 1141 5189 puin
1189 5112 1264 5181 jecta
1278 5114 1329 5170 uisi
1341 5116 1396 5171 sint
1406 5117 1535 5171 essentia.

356 5209 480 5265 Socrates
490 5219 528 5262 est
542 5209 632 5273 lonso,
645 5207 774 5263 Socrates
789 5217 832 5264 est
846 5208 960 5275 arrimal,
976 5209 1143 5265 ratiocinata
1228 5205 1282 5261 Sed
1298 5207 1428 5276 quidquid
1445 5206 1481 5262 sit
1502 5210 1535 5264 de
1550 5208 1605 5271 bis,
1630 5219 1725 5261 rerum
1741 5214 1784 5264 εει
1799 5208 1885 5263 munt
1903 5222 1980 5263 sem·

355 5300 583 5369 nstconJunctio‚
601 5299 664 5370 qnia
681 5298 805 5354 idatium
830 5307 932 5356 notat:
958 5299 1027 5367 Quia
1045 5298 1068 5357 si
1085 5299 1141 5356 so.
1193 5309 1242 5364 pet*
1263 5295 1336 5352 suite
1349 5311 1443 5351 rernm
1457 5295 1528 5367 qttotl
1545 5294 1630 5351 settle!
1646 5298 1711 5360 scil,
1731 5295 1803 5366 qtlotl
1831 5298 1984 5351 tarnensi·

355 5401 445 5447 crates
458 5400 501 5447 εει
517 5392 619 5458 bomo,
636 5391 698 5447 indo
719 5390 855 5460 possimus
881 5391 1044 5447 ratiocinari
1066 5393 1142 5462 quod
1193 5387 1273 5443 detur
1299 5386 1416 5454 laisum,
1447 5388 1511 5456 rpuia
1536 5386 1620 5443 εειιιεΙ
1647 5387 1730 5442 εειιίι
1757 5386 1889 5442 nrundurn
1917 5400 1983 5441 esse

356 5494 399 5540 εει
419 5484 532 5541 animal.
559 5483 618 5540 Non
632 5484 705 5539 enim
719 5483 756 5538 ibi
772 5492 815 5538 εει
828 5484 947 5539 causalis
962 5498 1025 5541 cum
1041 5483 1141 5539 burna·
1193 5479 1342 5535 creandum
1358 5518 1367 5545 ,
1389 5480 1469 5536 modo
1484 5495 1538 5535 noa
1555 5479 1607 5535 scit
1621 5477 1698 5548 illud,
1715 5478 1789 5550 orrod
1801 5478 1902 5533 lalsurn
1914 5488 1956 5533 est
1973 5493 1982 5530 ε

356 5574 428 5629 nitas
454 5587 508 5630 non
532 5573 569 5630 sit
588 5587 671 5630 causa
695 5573 883 5637 animalitatis,
900 5575 971 5633 sicut
984 5575 1142 5632 animalitas
1193 5585 1259 5643 ergo
1271 5570 1379 5643 aliquod
1392 5586 1487 5628 rerum
1502 5571 1583 5628 sciuit
1596 5572 1668 5643 good
1684 5585 1739 5627 nou
1761 5569 1824 5626 scit.
1843 5568 1885 5624 Δι
1897 5582 1984 5640 otram

392 5746 447 5817 l87)
467 5746 539 5828 ihs·
555 5763 575 5813 ¹,
589 5748 616 5803 d·
630 5720 676 5803 ii·
1240 5749 1330 5825 Blllp
1342 5751 1511 5828 expositione
1524 5766 1550 5808 e.
1568 5764 1626 5823 rur
1630 5718 1718 5820 Epist.
1733 5748 1768 5805 ad
1789 5745 1871 5803 bom.

392 5818 448 5885 ιιι)
460 5813 519 5872 lab.
533 5832 584 5870 ιι.
595 5820 627 5872 ιι
648 5817 711 5885 Trio
737 5833 752 5875 e
778 5819 819 5875 ta.
