4425 6450
270 338 276 347 ⁵
295 339 330 418 ll
721 353 914 413 ABSALONlS
932 348 1079 408 nubtiis
1101 347 1475 408 santncttttsotcltitsts
1896 355 1934 410 ιε

295 476 454 532 universnm
469 472 600 536 lucretur,
625 469 724 526 animae
737 485 803 527 tero
818 484 875 525 snae
891 467 1085 524 detrimentum
1100 467 1126 527 Α
1139 463 1175 519 lia
1193 475 1220 520 et
1242 464 1351 521 indrma
1368 464 1520 520 natiuitatis
1539 464 1600 534 eius
1616 482 1623 520 :
1639 477 1764 523 cateruas
1779 476 1853 533 sunt,
1871 467 1931 521 loca

294 565 437 637 patiaturi
454 562 532 634 (bac.
547 562 598 630 ιι.)
609 560 817 630 Nihilprorsus.
833 557 866 613 Et
877 556 1000 612 irsrtassis
1013 556 1087 611 lrunc
1141 559 1282 614 clarorum
1305 566 1333 614 ει
1354 568 1490 627 aperturae
1511 560 1655 616 vulnerum
1677 559 1751 630 ejus,
1776 559 1809 615 de
1831 561 1932 630 quibus

294 660 407 715 bannum
422 670 535 711 aureum
550 654 698 709 mittuntiu
710 667 808 722 aquam
826 649 961 705 turbidam
974 648 1013 712 hi.
1040 645 1087 716 qni
1140 653 1253 724 sanguis
1279 661 1380 708 nom
1407 654 1604 724 redemptionis
1633 654 1781 710 emanavit,
1807 655 1933 709 Ascende

296 751 425 821 figmenta
439 747 556 817 poetica.
577 754 605 800 ct
619 753 714 800 taeiert
740 743 842 812 scripta
869 740 1041 796 elhoic0r⁰m
1056 738 1088 792 Ιί·
1141 758 1207 813 ergo
1225 744 1252 799 in
1268 753 1376 801 montes
1391 745 1522 802 uirtutum
1538 746 1608 816 ejus,
1627 745 1649 800 si
1670 761 1786 817 magnus
1802 761 1844 800 es.
1861 746 1933 802 Deli·

297 843 393 896 beuter
411 840 559 895 discnutet
583 836 692 902 docent,
720 844 748 890 et
771 829 858 906 legem
873 832 1090 889 [iominiimma-
1140 845 1214 891 tesce
1233 836 1261 891 in
1276 835 1394 892 uallibus
1415 836 1577 893 humilitatis
1591 846 1618 891 ct
1634 835 1802 893 infirmitatis
1822 838 1892 907 ejus,
1908 838 1931 892 si

297 935 414 990 cuiatem
429 942 457 989 et
475 938 680 987 convertentem
692 930 798 983 animas
812 925 903 996 (l'sni.
915 927 993 995 xurrr)
1004 924 1087 982 surda
1139 943 1240 999 parvus
1250 942 1291 985 es.
1304 928 1480 985 Absceudcrc
1491 931 1518 984 in
1532 929 1668 995 cateruis,
1684 928 1711 984 id
1723 939 1765 985 εει
1777 931 1884 999 respice
1897 929 1933 985 ad

297 1041 364 1081 aure
379 1031 556 1095 praetereunt.
572 1021 756 1091 Frequentem
769 1032 924 1075 sennonem
939 1015 1041 1071 habent
1054 1017 1087 1069 de
1139 1021 1302 1076 medicinam
1320 1019 1464 1077 uulnerum
1486 1022 1555 1091 ejus,
1576 1022 1598 1077 si
1621 1019 1815 1079 formidolosus
1836 1037 1878 1079 es.
1902 1021 1932 1078 ln

296 1118 400 1188 nuptiis
412 1115 541 1171 Mercurii
553 1123 582 1170 et
596 1111 864 1182 paucissimorum
883 1108 924 1164 vel
938 1108 1040 1165 nullum
1053 1107 1086 1163 de
1138 1111 1249 1169 cbristo
1263 1116 1335 1169 cuim
1348 1114 1448 1185 ubique
1463 1113 1548 1179 salus,
1562 1113 1663 1183 ubique
1677 1116 1810 1185 protectio
1825 1116 1934 1171 inueni.

296 1211 392 1281 copula
403 1207 506 1264 Christi
520 1213 547 1262 ei
566 1204 655 1261 fidelis
674 1204 782 1258 auitum
797 1201 947 1272 Diligenter
960 1210 1086 1255 §crulan-
1140 1213 1195 1260 tur.
1211 1205 1245 1260 lit
1257 1220 1322 1262 ecce
1336 1217 1409 1262 terra
1422 1206 1474 1261 ista
1488 1219 1538 1277 pro
1552 1206 1639 1261 oculis
1653 1215 1705 1261 cst.
1719 1206 1846 1262 ctntsms
1857 1205 1932 1263 cuim

297 1301 424 1358 tnrunde
439 1296 546 1353 macula
562 1298 593 1368 in
625 1296 700 1360 tuna,
720 1294 768 1349 set
789 1292 933 1348 advertere
947 1292 1043 1346 notum
1063 1290 1087 1345 si
1139 1297 1271 1354 hodierna
1288 1298 1332 1353 ote
1345 1299 1424 1354 nouis
1437 1288 1586 1363 cernuus,
1601 1298 1681 1354 trente
1697 1314 1712 1353 a
1731 1299 1867 1371 regalibus
1886 1315 1932 1356 sc·

295 1390 403 1446 macula
418 1390 455 1444 sit
468 1388 496 1445 in
508 1385 687 1445 conscientia.
704 1382 785 1439 Certe
798 1384 973 1439 metuendum
984 1389 1025 1437 est
1035 1381 1086 1450 eis,
1138 1389 1218 1446 dibus
1241 1390 1275 1445 ad
1298 1405 1348 1448 nos
1371 1391 1456 1446 nenio.
1482 1390 1672 1462 Respiciamus
1696 1407 1763 1464 ergo
1786 1394 1814 1448 in
1841 1394 1931 1463 ipsum

294 1500 329 1540 ne
343 1498 405 1539 cum
422 1482 477 1536 illis
493 1480 520 1535 in
547 1479 689 1549 suppliciis
714 1478 839 1543 ardeant,
868 1488 984 1544 quorum
996 1472 1085 1528 studia
1138 1479 1224 1534 oculis
1239 1479 1333 1535 cordis
1351 1481 1450 1548 nostri,
1474 1490 1504 1536 ut
1522 1481 1667 1537 timeamus
1691 1484 1778 1551 ipsum
1796 1481 1928 1552 judicem,

294 1580 371 1626 tauta
406 1568 584 1624 ueneratione
614 1574 642 1622 et
673 1564 812 1636 diligentia
845 1563 990 1618 noluerunt
1023 1560 1085 1615 imi·
1138 1568 1549 1642 etdiligamusredemptosem.
1571 1570 1758 1641 Suscipiamus
1780 1573 1930 1630 ulamma.

293 1662 356 1716 tari.
964 1721 967 1726 Δ
1138 1659 1229 1728 nibus,
1244 1669 1273 1717 ut
1286 1663 1416 1730 operibus
1434 1660 1552 1733 justicias
1571 1673 1599 1720 ct
1614 1664 1811 1722 misericordiae
1827 1666 1930 1724 studiis

327 1755 398 1810 Ecce
426 1752 558 1821 sapientia
591 1750 638 1807 Dei
671 1749 790 1812 clamat,
821 1759 917 1804 meent
943 1763 950 1800 τ
972 1744 1085 1816 Plinii,
1139 1751 1293 1809 serviamus
1314 1753 1362 1808 illi.
1387 1752 1575 1825 suscipiamus
1591 1755 1701 1826 inquam
1719 1771 1794 1825 erim,
1818 1773 1869 1814 nec
1888 1760 1930 1814 di·

290 1840 981 1917 plange,resipisceresipisccnpecuniom11052
997 1837 1086 1892 Durus
1138 1843 1288 1911 mittamus,
1303 1844 1390 1901 donec
1414 1846 1568 1904 introducat
1591 1861 1641 1903 nos
1661 1848 1687 1903 in
1704 1848 1812 1905 deinum
1833 1850 1930 1907 matris

291 1946 334 1992 est
346 1937 505 2000 bissono,
518 1932 719 2003 erqussporen
732 1927 1085 1999 consumendarum)
1139 1936 1928 2015 noscentecoeternumgennmrssuccensemus),

291 2024 465 2084 V001f⁰liffll
478 2024 611 2095 ⁸³95entia
627 2020 876 2080 llllfflissiifluele
888 2018 1083 2090 l0¹¹¹lll³¹i¹l¹¹b
1137 2026 1244 2083 scilicet
1258 2042 1383 2099 supernae
1399 2028 1562 2097 ierusalem,
1579 2030 1624 2085 ubi
1641 2046 1694 2103 pax
1709 2041 1737 2087 et
1750 2034 1887 2089 securitas
1901 2041 1930 2088 ει

290 2134 406 2192 sequere
422 2118 558 2175 desideria
571 2117 663 2173 cordis
676 2116 731 2180 tni;
745 2124 773 2173 ει
785 2115 880 2172 dicunt
896 2129 1003 2183 omues,
1017 2128 1085 2184 qrto·
1137 2116 1229 2173 laetitia
1247 2120 1426 2188 sempiterna,
1442 2121 1469 2175 in
1485 2136 1539 2192 qua
1561 2120 1629 2176 vivit
1642 2135 1703 2176 curn
1717 2120 1800 2179 Patre
1819 2122 1848 2177 in
1869 2123 1931 2178 uni·

291 2215 364 2271 niam
382 2214 461 2269 benc.
476 2211 660 2268 Cornedamus
671 2219 699 2267 ει
712 2210 849 2279 bibemus,
868 2224 930 2265 cras
944 2209 1015 2264 enirn
1025 2223 1085 2265 mo-
1136 2216 1192 2265 tate
1207 2208 1326 2279 Spiritus
1340 2213 1427 2267 sancti
1443 2212 1524 2279 Deus,
1544 2213 1698 2284 peremnia
1716 2214 1808 2271 secula
1822 2213 1930 2270 seculo·

290 2309 394 2364 rlenrur
417 2305 485 2377 (lac.
502 2304 581 2374 ssu).
595 2304 666 2372 Quid
682 2302 775 2369 tibi‚o
801 2302 900 2359 misera
928 2301 1033 2369 anima,
1054 2302 1081 2356 in

289 2398 419 2455 fluctibus
436 2398 499 2451 vitae
511 2396 602 2466 larius,
615 2393 658 2450 uel
675 2394 733 2464 ipsa
752 2394 861 2449 vexatio
875 2408 929 2448 non
943 2393 989 2447 dat
1002 2391 1083 2448 iutel-

289 2491 389 2548 lectnm
416 2488 607 2561 (danaprin),
631 2487 678 2543 ubi
701 2501 755 2541 nou
771 2500 835 2557 pas,
857 2500 910 2541 uon
938 2483 1081 2554 securitas,

289 2600 343 2639 non
373 2582 428 2637 nlla
458 2581 520 2637 uitae
544 2578 701 2635 certitudo?
725 2577 792 2645 Quis
824 2575 985 2647 unquamiu
1012 2575 1081 2629 utari

288 2675 466 2741 constitutus,
492 2672 582 2728 tentis
609 2680 638 2726 ει
661 2668 791 2740 procellis
813 2668 935 2739 jactatus
960 2668 1081 2739 undique

288 2768 377 2821 irncto
388 2762 576 2836 gubernaculo
588 2763 621 2818 de
634 2762 691 2816 rita
709 2774 822 2816 securus
834 2760 905 2816 luitl
917 2751 999 2820 Certe
1012 2769 1040 2816 tu
1053 2761 1080 2815 in

287 2856 415 2914 fluctibns
446 2855 532 2911 maris
567 2851 647 2921 bilius
680 2854 787 2923 positus
813 2868 861 2919 cs.
889 2863 917 2909 et
948 2853 1081 2926 ignorasti

288 2960 375 3018 nsque
393 2945 494 3013 adbuc,
514 2942 557 2998 nel
579 2940 651 2996 torte
681 2940 773 3011 potius
799 2940 987 2997 dissimulasti.
1011 2939 1079 2995 Nam

1136 2317 1207 2358 rum.
1226 2302 1322 2358 brnen.

1437 2415 1554 2475 sentio
1574 2419 1628 2475 itt.

1395 2543 1423 2582 m
1441 2544 1539 2584 ntrsct
1559 2544 1651 2586 uournt

1168 2639 1299 2713 Butyrum
1312 2653 1336 2700 si
1353 2645 1403 2700 nrcl
1418 2648 1544 2715 comedet,
1556 2659 1585 2704 nt
1598 2650 1664 2703 sciat
1677 2651 1815 2718 reprobare
1827 2652 1927 2709 maium

1133 2742 1158 2788 et
1173 2735 1266 2806 eligere
1282 2738 1377 2792 bortum
1392 2737 1485 2809 (Eadr.
1501 2743 1561 2811 ιιι).

1169 2850 1356 2908 Desideratam
1366 2854 1422 2910 nati
1432 2855 1691 2913 Salvaturisuatalis
1699 2858 1769 2913 diem
1782 2857 1927 2914 detouone

1132 2940 1319 3013 potiusquam
1335 2960 1462 3001 sermone
1478 2946 1679 3019 loquiopcrtet,
1695 2949 1742 3004 ubi
1754 2948 1926 3017 profundius

288 3039 354 3108 quid
383 3036 456 3093 aliud
485 3031 529 3093 εει
559 3035 614 3091 sita
646 3036 765 3091 humana
789 3048 872 3105 quam
897 3032 974 3089 uaris
1003 3046 1079 3102 quae·
1132 3048 1224 3090 rerum
1242 3038 1437 3108 magnitudinis
1456 3039 1592 3096 molcnnn
1611 3042 1698 3097 solum
1714 3041 1822 3114 lingua.
1836 3044 1926 3099 sedet

288 3133 361 3197 dam,
377 3144 438 3200 qnae
452 3128 668 3199 bonisoperibus
681 3128 755 3185 uelut
770 3128 931 3198 quibusdam
943 3127 1079 3184 mercibus
1092 3142 1114 3202 (ς
1131 3132 1319 3187 sensusuestri
1330 3134 1428 3201 premit
1438 3132 1566 3189 odicium.
1576 3132 1653 3189 Sicut
1664 3134 1691 3189 in
1700 3134 1770 3191 libro
1780 3133 1926 3205 lobscrip·

288 3235 397 3292 onusta,
410 3228 443 3281 ad
456 3223 527 3280 diem
543 3220 627 3278 iuturi
638 3217 736 3291 judicii
753 3219 864 3276 tendere
878 3217 977 3275 debcti
1132 3231 1187 3279 tum
1202 3232 1260 3280 est:
1271 3223 1409 3282 Excelsiur
1421 3235 1461 3283 est
1473 3226 1543 3283 coelo
1553 3237 1581 3282 et
1592 3227 1658 3299 qnid
1674 3229 1791 3283 faciam?
1809 3228 1925 3286 Protun-

324 3318 410 3388 ilujns
425 3315 638 3390 gubernaculum
657 3328 747 3370 sermo
762 3314 809 3369 liei
827 3321 881 3377 εει.
898 3314 945 3383 qui
967 3313 993 3368 in
1010 3313 1078 3369 marl
1130 3316 1190 3373 dior
1208 3316 1325 3385 inferno,
1339 3329 1367 3373 et
1383 3320 1454 3374 unde
1467 3319 1647 3389 cognoscami
1661 3318 1722 3389 (lob
1738 3320 1788 3392 u).
1804 3320 1924 3392 Longior

286 3413 350 3467 vitae
368 3409 450 3479 hujus
463 3409 536 3464 intes
547 3421 676 3479 prospera
688 3418 715 3463 ει
727 3406 852 3472 adversa,
866 3415 894 3463 ct
910 3404 1001 3462 varias
1018 3414 1078 3462 teu·
1130 3419 1173 3464 est
1186 3415 1260 3463 terra
1268 3423 1395 3465 mensura
1403 3409 1495 3478 ejnset
1506 3410 1620 3465 latitudo
1631 3410 1709 3465 mari.
1720 3408 1789 3465 ilinc
1800 3411 1924 3482 estquod

287 3506 418 3570 tationes,
432 3501 586 3558 conducere
600 3514 660 3556 eam
682 3499 764 3558 debet
785 3499 819 3554 ad
841 3509 948 3570 portum
969 3497 1077 3556 salutis.
1130 3515 1184 3556 nou
1203 3500 1324 3571 loquitur
1337 3501 1362 3557 ei
1377 3501 1484 3572 lloyscs
1498 3502 1552 3558 uisi
1570 3503 1597 3558 iu
1611 3503 1727 3573 caligine
1740 3501 1839 3573 (Ecod.
1853 3505 1924 3576 xrs).-

287 3597 342 3652 Sed
362 3611 424 3652 cum
444 3593 536 3649 anima
559 3590 698 3664 peccatrix
716 3590 828 3647 terbum
845 3590 893 3645 liei
917 3591 1046 3659 repulerit
1062 3605 1078 3645 a
1130 3591 1204 3649 vion
1216 3592 1308 3648 llelias
1320 3602 1410 3649 tamen
1425 3594 1578 3663 posteriora
1591 3593 1757 3650 trartseuntis
1768 3593 1838 3667 (isc.
1850 3596 1922 3666 crui

287 3690 370 3745 corde
385 3702 447 3753 suo,
471 3694 537 3741 tunc
550 3683 640 3740 ventis
659 3693 686 3739 et
701 3682 829 3754 procellis
844 3683 1015 3746 ‚irruentibus
1029 3698 1078 3737 nn·
1130 3684 1216 3740 nescit
1233 3685 1316 3742 isaias
1333 3686 1538 3755 generationem
1549 3686 1608 3756 eius
1621 3697 1725 3754 texere,
1738 3703 1790 3742 non
1801 3686 1922 3744 loarrnes

286 3786 377 3852 dique,
402 3779 479 3852 quasi
502 3778 590 3835 iracto
612 3776 797 3849 gubernaculo
818 3774 989 3848 periclitatur
1009 3785 1078 3832 tem·
1129 3775 1301 3833 calciamenti
1327 3775 1387 3844 ejus
1413 3775 1560 3847 corrigiam
1583 3775 1689 3832 solvere
1705 3776 1797 3845 (ioan.
1812 3778 1845 3845 ι),
1869 3764 1921 3832 boe

285 3885 391 3947 pestate
405 3873 548 3929 viciorum.
1128 3875 1182 3933 εει,
1204 3868 1365 3940 mysterium
1390 3867 1586 3923 incarnationis
1601 3866 1660 3937 ejus
1679 3869 1826 3938 explicare.
1850 3869 1920 3936 Quis

320 3972 362 4026 Ab
376 3969 482 4025 oriente
495 3966 618 4025 coucutlt
633 3980 694 4022 eam
707 3973 806 4023 tentos
820 3965 936 4038 propriae
951 3968 1076 4024 retenta·
1130 3973 1220 4020 tamen
1233 3963 1314 4020 bodie
1326 3962 1418 4020 carnis
1432 3970 1521 4017 tectus
1534 3961 1625 4018 cilicio
1636 3961 1778 4017 nobiscum
1792 3963 1921 4033 dignatus

286 4064 336 4129 tis,
362 4076 411 4133 per
434 4058 660 4117 inobedientiam.
686 4059 711 4112 Α
737 4059 852 4115 meridie
874 4073 933 4113 eam
957 4059 1078 4117 concutit
1129 4065 1171 4113 est
1184 4056 1367 4119 discumbere,
1389 4053 1529 4110 nobiscum
1545 4053 1662 4124 epulari,
1679 4056 1806 4111 accedam
1823 4065 1852 4112 et
1869 4070 1922 4127 ego

285 4163 385 4209 ventus
407 4150 539 4208 secularis
561 4150 793 4215 conversationis,
816 4161 866 4217 per
887 4149 996 4205 inanem
1020 4150 1078 4222 gio·
1128 4162 1190 4204 cum
1212 4146 1335 4201 invitatis
1354 4146 1388 4201 ad
1405 4147 1478 4217 regis
1497 4147 1554 4200 nati
1569 4146 1737 4210 convivium,
1758 4148 1921 4204 recumbens

285 4246 368 4303 riam.
389 4243 431 4300 tn
441 4243 584 4300 occidente
595 4241 718 4297 concutit
734 4255 795 4296 eam
809 4248 905 4296 ventus
921 4241 1015 4297 alienae
1030 4257 1077 4298 re·
1128 4238 1171 4295 uel
1184 4241 1212 4295 iu
1224 4237 1373 4294 nouissimo
1385 4238 1455 4304 loco,
1472 4248 1574 4295 utcum
1589 4240 1695 4297 catellis
1708 4243 1846 4297 demensa
1860 4239 1920 4310 ejus

285 4339 405 4394 sationis
427 4349 476 4405 per
499 4331 711 4405 impacientiam.
739 4329 780 4386 ttb
802 4331 932 4400 aquilone
955 4333 1077 4390 concutit
1128 4330 1231 4402 aliquid
1247 4330 1391 4400 accipiam,
1409 4333 1481 4400 quod
1498 4341 1526 4387 ει
1544 4343 1641 4389 restrae
1659 4348 1809 4402 proponam
1828 4329 1920 4390 citari}

285 4445 345 4488 eam
361 4436 459 4484 ventus
479 4423 623 4481 diabolice
645 4420 837 4493 suggestionis,
861 4434 911 4490 per
933 4421 1073 4477 malitiam.
1130 4422 1189 4489 tati,
1202 4429 1230 4476 et
1243 4422 1360 4491 proprie
1373 4421 1578 4476 subministrem
1600 4422 1749 4478 devotioni.
1762 4422 1921 4494 Libctergo'

285 4522 383 4584 Vides,
411 4518 440 4574 ni
467 4517 561 4583 latior,
581 4530 663 4586 quam
688 4514 872 4586 periculosum
898 4514 935 4570 sit
959 4515 1006 4572 tibi
1032 4516 1075 4571 liis
1130 4515 1195 4569 illud
1213 4513 1290 4569 isaiae
1309 4511 1466 4568 raticiuium
1485 4522 1633 4580 attentare,
1654 4514 1681 4571 in
1705 4515 1853 4584 quaterni
1871 4515 1919 4571 ln·

281 4613 381 4684 iactari
397 4609 534 4667 ductibus.
550 4608 604 4664 beo
618 4620 671 4663 una
683 4605 781 4663 salutis
795 4606 837 4660 sia
857 4614 993 4676 superest,
1010 4607 1074 4677 quia
1126 4608 1233 4665 caritati
1251 4606 1381 4678 mysteria
1393 4606 1588 4672 continentur,
1603 4605 1649 4664 ubi
1664 4608 1703 4662 ait
1716 4625 1723 4660 ε
1737 4605 1870 4677 liutyrum
1890 4619 1919 4664 et

285 4717 358 4763 terra
380 4702 526 4760 continens
546 4714 602 4773 prae
623 4699 774 4756 oculisest.
796 4698 900 4754 Tunica
918 4712 984 4769 ergo
1006 4715 1075 4771 prae-
1127 4699 1180 4757 mel
1196 4699 1335 4765 comedet,
1354 4706 1409 4754 etc.
1432 4696 1485 4754 Sed
1501 4698 1563 4768 quis
1578 4697 1630 4755 iste
1645 4707 1688 4753 est
1713 4707 1767 4752 tam
1790 4698 1917 4764 tenellus,

284 4799 394 4854 cinctus
406 4797 484 4853 mitte
500 4803 527 4851 te
540 4794 569 4851 in
590 4806 679 4859 mare,
696 4801 724 4847 et
741 4791 812 4848 banc
831 4801 933 4848 terram
953 4791 977 4847 si
996 4798 1075 4860 potes
1127 4804 1181 4849 tam
1194 4791 1327 4849 delicatus
1349 4792 1429 4856 illius,
1445 4792 1491 4862 qui
1508 4806 1579 4862 panc
1598 4807 1651 4848 non
1673 4793 1804 4863 pascitur.
1821 4793 1915 4847 vinnm

284 4891 467 4963 apprehende.
1125 4883 1240 4952 lastidit,
1263 4885 1359 4942 sedet
1381 4893 1480 4941 caetera
1496 4883 1586 4940 omnia
1607 4900 1668 4956 quae
1695 4894 1768 4939 terra
1792 4881 1921 4952 marique

318 4985 348 5040 ln
364 5000 395 5039 oa
413 4981 486 5037 cuim
501 4987 565 5037 ειιιιι
578 4988 686 5038 montes
699 4977 812 5042 excelsi,
828 4958 930 5047 quibus
942 4989 1074 5032 conscen-

282 5076 349 5135 dere
363 5074 474 5144 cspedit
494 5080 605 5144 propter
620 5073 750 5141 impetum
773 5069 964 5141 procellarum.
987 5068 1019 5123 ln
1034 5083 1071 5132 ‚ea

282 5175 347 5224 suut
370 5164 456 5221 salies
483 5163 611 5226 irumiles,
636 5161 664 5218 in
688 5162 789 5232 quibus
813 5161 972 5218 delitescere
995 5171 1072 5232 potes

281 5267 395 5329 propter
410 5254 568 5311 violentiam
582 5260 738 5309 scutorum.
761 5250 789 5307 ln
805 5265 836 5306 ea
858 5261 924 5308 sunt
936 5267 1070 5321 cavernae,

281 5350 309 5404 ln
330 5348 429 5418 quibus
444 5343 574 5402 abscondi
596 5354 674 5415 potes
689 5351 801 5413 propter
823 5352 925 5397 nteium
940 5342 1069 5399 bostium.

282 5440 367 5494 Terra
389 5441 441 5494 ista
462 5437 546 5492 homo
562 5434 688 5492 Cirristus
704 5442 757 5501 est,
773 5433 818 5504 qui
841 5443 914 5489 terra
935 5434 968 5489 de
986 5442 1070 5504 terra,

282 5534 365 5588 lromo
377 5534 411 5588 de
426 5530 539 5602 Virgine
558 5539 601 5585 est
620 5526 738 5598 genitus.
762 5525 822 5598 lpse
834 5534 878 5582 cst
901 5535 971 5581 terra
983 5526 1072 5581 conti·
1094 5577 1095 5581 ,

281 5637 362 5688 neus,
377 5624 440 5691 quia
455 5631 552 5677 contra
570 5633 678 5677 onlnem
694 5618 826 5674 viciorum
843 5617 1004 5673 alluvionem
1021 5617 1070 5672 llr·

281 5733 343 5772 ruris
353 5725 382 5771 et
393 5716 498 5772 stabilis
508 5717 670 5776 permansit.
686 5712 771 5783 liuius
784 5722 864 5768 torrae
878 5723 985 5768 montes
996 5721 1068 5780 sont,

283 5808 438 5872 ernipcutiae
453 5809 583 5865 virtutum
596 5820 623 5866 et
635 5808 830 5866 miraculorum
843 5825 850 5863 ι
865 5807 959 5878 valles,
978 5807 1068 5862 lutmi-

1125 4979 1293 5043 nutrinntur‚
1314 4988 1404 5033 tamen
1428 4977 1557 5048 butyrum
1577 4986 1605 5030 et
1625 4976 1678 5031 mel
1694 4976 1829 5041 comedet,
1848 4992 1916 5046 qrro·

1125 5091 1185 5130 rum
1198 5072 1315 5128 alterurn
1328 5071 1445 5140 saginat,
1459 5070 1575 5124 aiterum
1588 5069 1724 5124 delectat?
1739 5069 1807 5139 lpse,
1820 5071 1847 5124 ui
1865 5070 1917 5124 inl·

1124 5167 1176 5235 lor,
1188 5166 1280 5237 magui
1295 5173 1337 5221 est
1350 5163 1423 5234 regis
1438 5162 1521 5228 lilius,
1536 5175 1616 5233 quern
1631 5162 1702 5218 Deus
1716 5161 1799 5217 Pater
1811 5162 1916 5219 cousti-

1124 5259 1175 5316 tuit
1186 5257 1322 5314 heredem
1336 5256 1537 5321 uuinersorum,
1551 5268 1691 5323 perquem
1705 5253 1769 5309 lecit
1780 5265 1805 5308 ει
1822 5253 1913 5310 secula
1926 5286 1928 5293 ,

1123 5349 1216 5421 (llcbr.
1229 5348 1260 5417 ι).
1275 5347 1467 5402 Verumtamen
1479 5344 1611 5414 quamdiu
1622 5345 1711 5402 baeres
1720 5345 1848 5416 parvulus
1860 5357 1913 5412 εει,

1122 5441 1191 5496 nilril
1215 5438 1305 5494 didcrt
1328 5454 1343 5493 a
1370 5452 1459 5502 servo,
1485 5452 1547 5494 enm
1571 5437 1608 5492 sit
1634 5438 1765 5493 Dominus
1789 5438 1912 5500 osrruinm

1122 5530 1224 5603 (Galat.
1244 5531 1293 5600 ιι),
1316 5528 1432 5599 ideoque
1455 5528 1617 5585 lautioribus
1636 5529 1747 5586 ferculis
1767 5531 1888 5600 pascitur
1904 5549 1920 5601 ε,

1122 5642 1157 5681 ne
1171 5623 1267 5680 solidis
1282 5623 1350 5678 cibis
1372 5632 1465 5677 tenera
1484 5621 1624 5692 indignata
1641 5621 1756 5678 infautia
1776 5623 1866 5691 potius
1879 5637 1913 5677 ea

1121 5724 1212 5770 uertat
1230 5714 1257 5769 iu
1273 5713 1413 5771 lastidium
1425 5728 1507 5783 quarn
1532 5712 1559 5767 in
1574 5714 1782 5769 nutrimentum.
1798 5708 1912 5770 luterim

1122 5822 1187 5878 ergo
1204 5806 1330 5874 butpmm
1351 5804 1450 5885 etmel
1470 5803 1603 5873 comedet,
1623 5815 1652 5862 ut
1672 5807 1741 5862 sciat
1763 5803 1912 5876 reprobare
