4425 6450
281 401 342 458 loli
622 397 817 457 sandonus.
836 426 872 442 -
891 397 995 455 Sililll.
1015 396 1132 454 mlii.
1150 396 1184 452 lli
1204 395 1378 455 esbsnstt
1395 392 1578 454 castrato.
1861 398 1913 456 tot

282 518 376 572 dixit:
391 518 414 572 0
428 531 512 572 carisa
529 530 674 571 causarum
689 514 789 571 laeuae
803 517 851 569 tibi
867 513 1075 583 acceptabilem.
1091 517 1116 573 Α
1130 512 1251 568 coutrita
1271 514 1390 568 rertdunt
1404 512 1533 575 odorem,
1549 510 1657 580 girando
1679 509 1759 565 ltonto
1770 512 1915 570 rlrzrnibns

289 612 396 666 Pastor
415 625 481 681 ergo
498 610 699 665 ecclesiasticus
723 608 787 662 licet
806 609 905 663 babeat
920 607 1078 661 iudustriam
1130 606 1250 674 acceptis
1261 606 1380 675 scipsum
1393 604 1534 674 paruulum
1548 603 1713 658 etltumilem
1726 616 1876 673 computat,
1887 616 1915 661 et

285 699 1079 768 rerumsceulariurn,relcognitionemdecausiscreatn·
1130 697 1239 765 propria
1262 698 1445 752 aestimatione
1471 696 1497 749 in
1531 696 1668 764 puluerem
1692 712 1721 751 se
1746 698 1858 767 redigit,
1886 706 1917 752 ut

283 806 396 855 rarum,
417 806 472 848 nou
491 789 622 846 tamenin
641 789 849 844 istissummam
866 802 922 841 suae
941 785 1078 855 religionis
1131 787 1233 844 Paulus
1255 806 1262 842 :
1289 788 1378 853 Venit,
1405 788 1510 857 iuquit,
1538 787 1617 842 taus
1640 786 1667 841 iu
1690 788 1761 842 tttrrrc
1783 789 1915 843 mundant

284 897 393 950 ponere
409 881 509 945 debet,
531 880 578 934 sed
596 878 704 949 operire
727 879 817 949 potius
839 893 905 932 auro
922 878 1078 947 purissimo,
1130 888 1290 946 peccatores
1307 878 1397 932 salrrrs
1418 878 1508 930 brccce
1519 918 1526 939 ,
1539 893 1656 945 utrorum
1672 879 1774 946 primus
1789 893 1840 949 ege
1855 895 1915 933 sunt

286 974 341 1027 laec
364 980 407 1027 est
425 971 517 1025 dirina
538 971 689 1038 sapientia,
711 979 740 1024 ut
754 972 780 1025 in
802 969 929 1025 omuibus
948 985 1007 1037 qua
1025 970 1079 1039 agit
1132 969 1157 1037 (l
1175 969 1242 1023 l'inr.
1262 970 1293 1036 ι).
1309 970 1339 1023 ΕΙ
1355 969 1486 1035 l'rupbcta
1511 983 1518 1021 :
1544 969 1598 1035 Ego
1612 985 1672 1023 sum
1694 970 1794 1025 rcrmis
1809 981 1837 1026 et
1861 987 1915 1027 non

284 1064 346 1118 sire
361 1064 435 1119 inttrs
444 1064 501 1119 sire
515 1063 582 1119 loris
591 1065 636 1128 sit,
654 1078 761 1133 semper
773 1064 799 1117 in
813 1078 847 1118 eo
858 1063 979 1117 reluceat
992 1061 1078 1116 lorura
1131 1058 1211 1112 lrurno
1239 1057 1325 1127 (l’rnl.
1351 1061 1420 1128 xxi).
1443 1058 1565 1111 chtiuat
1592 1060 1695 1127 praelati
1719 1059 1836 1117 oiltcium
1857 1073 1915 1127 est,

284 1157 458 1212 alteritatis,
1129 1165 1209 1203 orare
1225 1164 1273 1218 pro
1293 1150 1402 1218 populo,
1419 1149 1495 1203 utsii
1518 1148 1650 1201 urediatnr
1669 1150 1714 1203 [lei
1729 1162 1756 1204 et
1774 1151 1916 1231 borniuunt

325 1249 363 1304 lit
376 1258 466 1305 autem
480 1249 623 1319 praelatum
636 1248 765 1303 Ecclesiae
776 1247 880 1302 ratione
892 1247 1078 1302 similitudinis
1129 1252 1156 1296 et
1168 1242 1272 1295 orando
1285 1251 1390 1294 arertat
1402 1240 1580 1310 iruliguatiunr
1591 1258 1615 1292 m
1631 1240 1701 1295 illius
1713 1243 1748 1296 ab
1760 1243 1810 1298 eis.
1822 1243 1915 1298 l'alcrn

284 1358 357 1399 auco
375 1342 523 1412 purissimo
542 1357 750 1412 comparemus,
769 1340 878 1394 attende
898 1340 970 1409 qnod
983 1356 1077 1395 aurum
1129 1348 1194 1401 erto
1206 1349 1235 1388 se
1251 1334 1385 1389 exbibere
1402 1335 1482 1388 debet
1499 1336 1534 1399 is,
1550 1337 1594 1404 atri
1609 1346 1705 1405 praest
1721 1347 1749 1392 ut
1767 1339 1917 1395 delectetur

285 1434 619 1506 itrsolepositnmlucct,
637 1432 1078 1494 ssanrruascit,etseiutillatasic
1130 1422 1201 1478 Deus
1229 1425 1255 1478 iu
1285 1425 1458 1480 orationibus
1480 1427 1555 1495 ejus,
1577 1431 1757 1497 etpustutata
1784 1442 1913 1500 tarrquam

284 1540 385 1598 pastor
403 1527 611 1583 ecclesiasticus
629 1527 656 1580 in
673 1526 749 1588 sole,
773 1526 825 1580 hoc
844 1535 895 1591 est,
914 1526 940 1579 in
958 1525 1076 1581 evidenti
1129 1513 1185 1570 stilo
1200 1517 1318 1570 delicato
1332 1517 1449 1573 libenter
1465 1521 1577 1583 ltiltttal‚
1595 1522 1652 1574 slve
1675 1539 1724 1590 pto
1740 1538 1780 1585 se,
1795 1527 1852 1577 site
1867 1539 1917 1593 pto

285 1633 374 1688 supra
405 1617 556 1674 Ecclesiam
591 1618 638 1673 Dei
670 1617 851 1677 constitutus,
880 1613 971 1671 lucem
998 1616 1078 1670 dehet
1128 1607 1335 1677 popttloctattll.
1353 1610 1418 1664 Nam
1433 1613 1563 1680 scripturn
1578 1614 1683 1667 est:Si
1696 1616 1718 1668 is
1730 1615 1774 1681 t1ttl
1790 1616 1917 1683 displicet

285 1708 417 1779 eserttplo
438 1710 517 1768 borrae
543 1707 729 1778 operationis,
754 1708 826 1761 sieut
851 1706 1046 1775 scriptumest
1069 1725 1075 1760 :
1130 1700 1163 1751 ad
1185 1699 1408 1755 interredemluru
1434 1704 1562 1767 mittitur,
1579 1705 1640 1758 irati
1667 1707 1775 1760 anianus
1790 1709 1823 1760 ad
1839 1710 1915 1761 dcte·

286 1802 394 1858 Luceat
420 1800 465 1855 lex
490 1811 580 1855 restra
598 1814 690 1854 eoram
713 1798 882 1863 bominibus,
897 1808 950 1851 etc.
967 1796 1075 1867 (llottlr.
1131 1793 1202 1844 rtur-a
1220 1805 1395 1861 provocatur.
1413 1796 1547 1861 Quartum
1566 1798 1670 1866 praelati
1686 1799 1846 1851 exercitium
1861 1809 1916 1865 cst,

285 1900 330 1963 r).
355 1893 556 1948 l'latnruaseere
573 1894 653 1947 debet
667 1893 738 1945 intus
757 1892 816 1959 igue
830 1888 981 1947 charitatis,
997 1900 1026 1942 ut
1042 1889 1077 1942 sit
1094 1857 1189 1936 Bcuttt
1207 1885 1342 1952 sanguine
1366 1887 1469 1941 intrare
1486 1890 1511 1940 iu
1529 1887 1629 1941 Sancta
1650 1898 1825 1951 sanctorum,
1843 1892 1916 1959 qttod

287 1986 402 2038 incertia
423 2000 476 2038 uon
496 1984 583 2038 solum
609 1982 763 2036 irrceussed
779 1982 861 2035 etiarn
883 1979 1077 2041 ardens,sicut
1129 1983 1169 2026 est
1190 1975 1322 2043 sangnine
1348 1975 1408 2029 lusu
1432 1994 1480 2045 pro
1506 1978 1613 2033 Cirristo
1642 1996 1754 2048 regnum
1784 1984 1915 2038 coelurttnt

286 2077 431 2145 Proplreta
447 2076 513 2129 dicit
529 2092 537 2130 τ
555 2074 606 2141 Qut
622 2073 688 2128 iacit
706 2073 817 2142 angelos
832 2085 895 2125 suos
913 2072 1035 2139 spiritus,
1050 2079 1077 2125 et
1128 2067 1263 2121 obtinere.
1281 2066 1356 2121 Sient
1373 2068 1446 2121 eninr
1468 2072 1600 2137 scriptam
1618 2080 1660 2124 est
1682 2090 1690 2125 ε
1712 2071 1802 2126 llouus
1822 2084 1917 2142 pastor

287 2164 656 2222 mirristrossuostlauunarn
670 2165 740 2233 iguis
752 2163 839 2235 (Psoi.
856 2161 924 2233 cur).
938 2163 983 2217 Sic
995 2162 1076 2215 etiarn
1129 2157 1249 2211 auituam
1273 2173 1350 2212 suain
1373 2160 1450 2228 ponit
1465 2176 1514 2228 pro
1530 2164 1627 2216 oribus
1643 2165 1700 2217 saris
1713 2163 1806 2234 (donn.
1824 2167 1860 2232 ι),
1886 2175 1916 2221 ut

285 2257 464 2327 cappalanus
490 2256 745 2320 scirrrtttmdebpr,
769 2256 882 2309 ursioni
903 2255 990 2308 [orares
1008 2254 1078 2322 ignis
1131 2256 1251 2317 tempore
1276 2249 1435 2305 tentationis
1463 2252 1624 2306 imminente
1656 2253 1714 2322 ipse
1742 2257 1827 2324 rtragis
1851 2256 1915 2310 reiit

290 2346 430 2402 scintillas
440 2361 473 2400 cx
492 2360 521 2400 se
542 2346 643 2399 eratittit
658 2360 719 2398 curn
737 2345 868 2413 tangitur,
890 2345 930 2397 sic
951 2352 977 2397 et
989 2342 1033 2398 ille
1045 2343 1078 2396 tle
1130 2340 1197 2393 arturi
1211 2340 1237 2394 itt
1251 2356 1365 2410 corpore
1377 2358 1459 2410 qtratn
1473 2345 1615 2413 permittat
1629 2346 1745 2415 alacrem
1758 2348 1790 2400 de
1800 2348 1915 2403 subdus

290 2439 356 2508 igue
373 2436 515 2492 eharitatis
536 2435 669 2491 scintillas
686 2443 785 2501 sauctae
801 2435 964 2499 devotionis,
980 2444 1007 2488 et
1022 2449 1078 2489 rue·
1129 2432 1185 2486 suis
1196 2433 1286 2487 anima
1298 2435 1397 2501 perire.
1411 2434 1488 2489 Unde
1501 2436 1600 2490 Beatus
1615 2439 1763 2507 brugarias
1776 2454 1917 2507 experiens

288 2531 436 2586 dilationis
450 2530 579 2584 emittere
604 2528 695 2591 debet,
712 2544 773 2582 eum
793 2541 808 2580 a
830 2527 884 2580 Deo
901 2542 949 2595 per
964 2527 1076 2596 gratiam
1131 2526 1203 2580 illurn
1229 2526 1317 2581 bream
1334 2529 1478 2597 spostntt,
1501 2530 1546 2595 arti
1563 2531 1751 2599 episcopatum
1766 2532 1915 2593 desiderat,

290 2626 433 2680 risitatur.
454 2622 578 2691 Operics,
591 2621 691 2690 inquit,
707 2635 754 2675 eos
771 2634 837 2674 auro
854 2619 1076 2687 purissimorum
1130 2620 1230 2672 tortum
1245 2635 1313 2687 opus
1326 2621 1462 2674 desiderat
1480 2620 1504 2687 (l
1522 2620 1590 2675 Tim.
1604 2622 1658 2689 ιιι),
1674 2622 1740 2675 dicit
1757 2639 1805 2692 per
1817 2627 1915 2677 tonum

289 2717 358 2771 elicit
373 2723 499 2783 argento,
515 2714 562 2769 scri
576 2727 655 2766 auro.
1130 2726 1199 2780 opus
1216 2711 1252 2764 ibi
1269 2712 1433 2781 trtatrtyriuut
1450 2712 1598 2780 designari.
1615 2712 1644 2766 Ιιι
1674 2715 1812 2782 primitiva
1839 2718 1914 2768 ettiru

328 2804 487 2859 sicutenim
501 2818 654 2873 pernarum
668 2800 861 2871 sapientia,ita
877 2810 1076 2872 perargentuur
1131 2801 1251 2856 Ecclesia
1276 2810 1358 2857 tanta
1384 2802 1557 2870 perfectiouis
1586 2813 1665 2856 eraut
1691 2804 1804 2870 pratatt,
1833 2814 1861 2857 ut
1889 2806 1915 2858 in

288 2896 450 2964 eloquentia
472 2896 644 2966 designatur.
663 2894 722 2948 Nou
742 2896 815 2950 euim
836 2894 935 2949 tiebent
958 2904 1078 2949 rectores
1130 2894 1325 2949 ecclesiasticis
1344 2895 1526 2961 dignitatibus
1541 2896 1627 2965 magis
1643 2910 1773 2949 coronam
1791 2897 1916 2967 martyrii

289 2986 480 3043 ecelesiaruut'
507 3001 607 3041 uacare
643 2984 824 3053 eloquentia,
870 2983 1078 3054 allegationibus
1132 3003 1213 3056 quatu
1235 2990 1341 3042 euinrcn
1365 2987 1477 3041 lrorrnris
1501 2984 1670 3041 allectareut.
1691 2985 1830 3040 Praedictis
1852 3001 1917 3057 ergo

289 3080 419 3145 studere,
443 3077 577 3132 tumultus
598 3092 742 3131 causarum
762 3090 924 3147 procurare,
951 3076 1044 3130 litibus
1063 3091 1076 3129 a
1130 3080 1219 3133 anulis
1243 3079 1334 3131 aureis
1360 3086 1452 3131 rectos
1469 3078 1552 3130 inseri
1573 3075 1715 3142 jubentur,
1731 3087 1759 3130 ut
1776 3092 1915 3144 nrrnquaur

289 3188 374 3229 ruane
387 3186 473 3243 aspare
484 3172 519 3227 ad
533 3186 676 3242 vesperum
696 3173 845 3237 iuteresse,
862 3178 946 3224 totum
964 3184 993 3224 se
1019 3168 1078 3223 aliis
1092 3204 1113 3262 C
1130 3173 1328 3228 abstrabuntur
1340 3171 1375 3226 ab
1386 3172 1427 3226 eis
1443 3188 1450 3223 ε
1466 3168 1528 3238 quia
1547 3170 1656 3239 praelatu
1671 3185 1723 3222 non
1741 3169 1839 3224 subicit
1861 3170 1915 3226 rias

289 3266 452 3335 impendere
477 3265 514 3319 nil
541 3263 605 3331 sibi,
631 3279 691 3333 quoe
712 3263 804 3318 outnia
824 3262 911 3332 magis
931 3259 1076 3317 iustiniani
1132 3266 1305 3328 interrasilis,
1326 3265 1351 3317 id
1374 3273 1428 3324 est,
1449 3263 1504 3314 rita
1521 3261 1660 3325 batert-isa,
1675 3271 1704 3313 ut
1725 3263 1802 3315 ruodo
1818 3261 1915 3326 bonus,

289 3353 376 3429 gaiam
388 3359 530 3431 Augustini
540 3359 638 3414 decent
659 3358 834 3413 imitatorem.
845 3354 1077 3410 tuberrturauteor
1132 3359 1210 3414 urndn
1227 3357 1313 3410 malus
1328 3357 1376 3420 sit,
1393 3356 1439 3409 sed
1455 3369 1566 3422 semper
1590 3356 1705 3408 lormam
1721 3354 1875 3408 sanctitatis
1889 3365 1918 3409 et

289 3463 387 3506 vectes
401 3465 450 3516 per
464 3460 583 3520 quatuor
595 3449 693 3502 atttrios
708 3462 806 3502 aureos
823 3447 927 3502 induci.
1131 3453 1262 3506 botrorum
1289 3463 1403 3517 operum
1428 3446 1505 3500 dcbet
1522 3445 1634 3508 babere,
1660 3446 1686 3497 itt
1703 3445 1801 3515 curribus
1816 3447 1916 3501 subditi

328 3542 455 3609 eratuor
491 3541 566 3595 anuli
595 3541 687 3602 aurei,
717 3549 834 3607 grtateur
856 3549 921 3593 sunt
947 3539 1077 3594 exercitia
1131 3555 1192 3594 curn
1213 3539 1364 3593 imitentur.
1925 3539 1928 3544 '

288 3634 501 3708 praelatorumiu
511 3633 631 3688 Ecclesia
641 3634 686 3688 liei
701 3632 833 3700 :legimus
842 3631 948 3687 euituiu
958 3630 1078 3687 Levitico
1166 3632 1218 3686 Per·
1238 3642 1356 3700 «paratum
1372 3629 1485 3698 angulos
1509 3644 1580 3684 arear
1597 3629 1734 3698 perlectos
1758 3632 1845 3693 rinos,
1872 3630 1918 3696 qui

290 3737 410 3799 quatuor
432 3724 517 3779 luisse
540 3724 626 3781 olltcia
645 3726 832 3788 sacerdotum,
850 3724 955 3780 seilicet
967 3724 1079 3778 iurelure
1131 3727 1156 3779 iu
1168 3738 1282 3791 corpure
1294 3732 1357 3777 snut
1368 3722 1507 3785 Ecclesiae,
1520 3736 1568 3788 per
1581 3735 1651 3789 agnus
1666 3722 1768 3775 tirrrtinr
1784 3722 1917 3784 ‹orisistic

290 3827 392 3870 carues
406 3809 580 3874 enarrantium,
602 3820 724 3864 araturae·
747 3810 914 3874 accendere.
933 3825 1011 3863 oraro
1030 3823 1079 3876 cro
1131 3815 1282 3882 iniungere
1300 3814 1443 3875 tubunas,
1457 3815 1501 3882 qut
1522 3815 1604 3867 ettam
1621 3823 1649 3865 u
1665 3812 1715 3882 tpst
1734 3824 1850 3879 protutor
1864 3815 1920 3881 spu

290 3905 409 3976 populo,
431 3902 515 3958 semel
537 3902 564 3956 in
583 3916 656 3956 anno
680 3917 742 3955 euru
764 3903 898 3970 sauguine
924 3903 1026 3955 intrare
1052 3902 1078 3955 in
1132 3907 1257 3960 sitatibus
1277 3913 1376 3958 uacant
1400 3904 1540 3958 exercitiis
1563 3919 1632 3972 qrrns
1655 3906 1780 3970 superius
1799 3903 1919 3971 paulatia

292 3996 578 4051 sanctasanctorum.
596 3992 620 4046 is
643 4007 708 4062 ergo
724 3995 769 4061 qtri
788 4001 884 4059 praeest
898 3991 985 4061 prirno
1000 3991 1078 4046 debet
1131 3996 1338 4064 assignationis.
1366 3993 1412 4046 Vel
1436 4008 1484 4061 per
1509 4003 1627 4059 quatuor
1651 3993 1775 4061 angulos,
1800 4004 1920 4060 quantuor

291 4102 391 4142 carries
406 4085 523 4140 imolare
534 4099 583 4155 per
598 4085 811 4138 macerationem
824 4084 927 4149 earnis,
944 4083 1080 4138 utollerat
1131 4085 1294 4157 principales
1311 4088 1428 4138 rirtutcs
1443 4083 1609 4152 accipiendae
1633 4093 1708 4146 scrut,
1737 4084 1842 4138 scilieet
1858 4099 1919 4153 pru·

290 4191 393 4246 eorpus
431 4190 512 4230 suum
543 4174 662 4228 bostiam
689 4183 813 4227 sanctam
841 4172 993 4234 rireutcrn,
1024 4173 1079 4228 Deo
1131 4177 1233 4241 dentia,
1258 4178 1450 4244 temperantia,
1471 4175 1613 4238 lenitudo,
1627 4175 1749 4243 justit-ia.
1765 4177 1825 4231 tsra
1845 4177 1918 4230 enim

291 4268 460 4339 placentem,
470 4277 499 4321 ut
514 4267 628 4335 castiget
639 4280 737 4333 eorpus
750 4280 828 4320 sttrrm
842 4275 868 4318 et
880 4265 905 4317 in
921 4264 1078 4320 servitutem
1133 4270 1263 4324 roborant
1279 4269 1324 4323 Eer
1334 4269 1427 4322 iesiam
1442 4277 1536 4322 eontra
1550 4278 1667 4336 quatuor
1681 4270 1756 4334 titia,
1771 4286 1830 4339 qiam
1844 4270 1919 4325 iliam

292 4359 419 4426 redigat,
443 4371 477 4410 ne
500 4371 560 4410 curn
591 4356 652 4409 aliis
668 4356 854 4424 praedicaverit
875 4357 931 4426 ipse
950 4356 1078 4424 reprobus
1133 4361 1304 4430 impugnant,
1323 4374 1383 4428 qrrac
1399 4368 1462 4413 strrtt
1478 4359 1631 4427 ignorantia
1648 4358 1722 4422 burri,
1742 4361 1919 4415 itttttrorleratn

290 4451 439 4504 eliciatur.
455 4449 497 4502 bd
512 4449 563 4503 boc
579 4449 650 4501 raict
665 4448 783 4517 experiri
801 4450 908 4501 tliartaur
927 4449 1077 4514 refectorii,
1134 4453 1277 4507 delectatio
1292 4453 1388 4516 seculi,
1407 4452 1487 4508 tirnor
1505 4452 1693 4514 aduersitatis,
1716 4451 1831 4506 allectus
1847 4453 1923 4506 ium·-

291 4543 422 4596 rluritiam
444 4541 534 4595 leetaii
554 4542 580 4596 in
597 4541 767 4606 durruitoriu,
790 4540 884 4610 luugos
905 4551 1007 4596 tractus
1019 4558 1077 4594 ma·
1092 4532 1117 4590 D
1132 4544 1231 4596 dictatae
1244 4542 1409 4597 dilectionis.
1427 4542 1497 4595 Sunt
1519 4543 1590 4594 eninr
1614 4543 1708 4610 aliqui,
1726 4543 1772 4611 qui
1799 4542 1920 4597 tenebris

293 4630 465 4694 tutiuornut,
482 4631 672 4683 assiduitatem
692 4630 820 4694 claustri,
839 4632 952 4683 restium
976 4631 1081 4700 asperi·

292 4730 391 4783 tatem,
403 4729 431 4773 et
444 4730 541 4774 caetera
557 4723 710 4791 ltnjusuaotli
726 4722 821 4790 qrrilnts
831 4724 954 4776 domatur
969 4738 1078 4792 empna,

290 4819 321 4865 et
336 4807 436 4863 anima
450 4809 594 4880 subjicitur
610 4811 734 4880 imperio.
754 4811 838 4866 [lebet
855 4815 936 4866 etiam
953 4813 1080 4881 praelatus

292 4910 421 4957 aromata
450 4901 615 4967 accendere,
638 4902 689 4956 boc
704 4912 763 4965 cst,
783 4902 898 4957 rictutes
919 4904 1002 4956 arriani
1020 4906 1081 4972 igue

292 4989 628 5078 elraritatisitrilanturare,
642 4999 670 5045 ut
687 4995 748 5046 dum
761 5008 856 5048 outues
873 4997 985 5047 virtutes
998 4995 1080 5048 auitni

291 5082 430 5137 charitate
446 5092 591 5138 morentur
609 5084 734 5150 interius,
753 5086 868 5139 reddant
887 5087 999 5140 odorem
1016 5102 1081 5141 sua·

290 5174 435 5228 vissimum
449 5189 504 5243 quo
525 5175 675 5231 delectetur
688 5178 766 5240 licus,
782 5177 812 5231 Et
826 5179 935 5232 attende
952 5180 1080 5248 qrrorriam

291 5273 420 5318 aromata
440 5266 605 5336 quaudoque
626 5282 743 5321 aceensa
765 5268 791 5320 iu
804 5268 903 5333 altari,
920 5271 1081 5339 rprtartdoqna

294 5358 324 5412 in
344 5373 426 5412 manu
446 5367 564 5426 gestata,
581 5362 743 5428 qrtandogue
762 5361 817 5429 pilo
839 5362 954 5416 contrita
976 5363 1003 5417 iu
1024 5365 1083 5432 pul·

291 5462 407 5513 rerem,
434 5453 545 5505 odorem
579 5453 704 5507 reddunt.
732 5451 794 5521 lguc
824 5469 939 5508 accensa
963 5456 1083 5512 reddunt

291 5541 407 5597 odorem
425 5543 459 5596 'iu
485 5542 582 5609 altari,
606 5546 715 5613 rgtrrrndo
741 5544 876 5599 ebaritatc
898 5557 1081 5616 cooperante,

292 5634 413 5688 virtutes
431 5633 458 5688 iu
475 5644 567 5690 mente
584 5644 727 5690 morentur
742 5634 839 5691 allecta
860 5636 1036 5692 devotionis:
1053 5639 1081 5692 in

293 5738 381 5780 rrrarru
400 5734 508 5795 gestata
528 5729 646 5783 reddunt
659 5728 782 5794 odorent,
812 5728 922 5798 quaudo
942 5728 1007 5784 loris
1025 5745 1083 5785 uto-

294 5826 401 5879 rsatur
422 5819 456 5876 ad
479 5817 599 5881 iruetuut
625 5823 702 5879 bonae
718 5821 886 5903 operationis
904 5838 913 5882 a
934 5823 990 5895 pilo
1017 5838 1082 5885 rero

1132 4635 1291 4703 ignorantiae
1307 4635 1415 4696 curati,
1430 4634 1500 4686 riatu
1517 4635 1578 4687 ritae
1597 4634 1732 4702 ignorant,
1747 4646 1774 4689 et
1792 4636 1853 4689 ideo
1868 4650 1919 4690 uec

1132 4727 1258 4794 diliguat,
1277 4741 1327 4780 uec
1341 4735 1494 4795 sequuntur
1504 4741 1565 4778 earn
1580 4743 1587 4778 ε
1603 4727 1700 4793 quibus
1715 4727 1858 4794 prmleutia
1872 4743 1922 4779 uc-

1131 4819 1251 4873 eessaria
1279 4827 1338 4882 est,
1364 4834 1424 4886 quta
1454 4818 1507 4872 illis
1530 4817 1643 4887 depulsa
1673 4819 1825 4885 ignorantia
1849 4822 1920 4876 riatu

1132 4911 1229 4964 salutis
1242 4920 1268 4963 et
1285 4910 1469 4978 coguitionem
1486 4911 1623 4974 reritatis,
1636 4914 1764 4967 ostendit.
1777 4912 1829 4967 tttti
1844 4924 1921 4981 sttttt,

1133 5005 1178 5071 qui
1201 5003 1283 5055 rebus
1309 4999 1390 5067 liujus
1405 5001 1489 5056 seculi
1505 5003 1539 5057 ad
1555 5019 1633 5057 usum
1649 5006 1700 5060 sibi
1716 5009 1854 5063 coracess's
1868 5009 1920 5061 int·

1133 5092 1270 5145 moderata
1281 5091 1460 5145 delectarere
1472 5093 1615 5148 abutentes
1627 5095 1652 5149 itt
1666 5099 1817 5167 voluptates
1826 5101 1920 5152 atttrias

1133 5181 1307 5250 dejiciuutur,
1322 5182 1421 5249 rpriltus
1441 5187 1617 5252 temperantia
1635 5192 1789 5243 ttcecssarin
1805 5197 1856 5251 cst,
1870 5204 1919 5256 per

1132 5291 1213 5342 qurun
1243 5276 1323 5330 rebus
1344 5276 1427 5332 licitis
1451 5282 1552 5335 utendo
1579 5283 1612 5335 ad
1637 5282 1812 5336 sobrietatem
1840 5297 1919 5334 reru·

1133 5377 1240 5420 eantur.
1266 5367 1335 5422 Sunt
1350 5371 1580 5441 etampleriqae,
1602 5373 1649 5441 qui
1675 5372 1753 5426 lraeti
1769 5370 1921 5425 adversita·

1135 5458 1207 5512 tibus
1222 5459 1302 5528 bajus
1314 5462 1411 5529 seculi,
1425 5464 1532 5519 scilicet
1544 5465 1704 5519 infirmitate
1716 5467 1847 5532 eorporis,
1861 5465 1921 5521 siue

1134 5550 1234 5605 daruuo
1260 5568 1350 5607 rerum
1374 5559 1575 5623 temporalium,
1601 5558 1643 5612 rel
1670 5573 1833 5628 utracunque
1862 5558 1915 5613 arlia

1135 5642 1310 5696 tribulatione
1329 5662 1389 5713 urta¹
1412 5647 1438 5700 iu
1457 5649 1559 5702 untudo
1583 5659 1656 5714 sunt,
1680 5650 1753 5704 intus
1774 5650 1921 5704 uirtutibus

1135 5733 1219 5786 animi
1245 5736 1398 5790 deliciunt:
1417 5747 1445 5792 et
1469 5739 1528 5792 istis
1542 5737 1674 5796 fortitudo
1695 5740 1849 5795 trcccssaria
1867 5750 1921 5803 est,

1135 5840 1194 5896 qtttc
1207 5828 1240 5883 ari
1254 5828 1395 5885 tolerantia
1417 5830 1529 5886 adressa
1544 5833 1728 5893 cottstautiata
1745 5834 1827 5891 autimi
1838 5835 1865 5889 iu
1881 5833 1922 5888 eis
