4425 6450
176 267 229 352 a

237 418 291 474 535

778 415 972 474 setsrotm.
993 449 1029 460 -
1048 418 1342 479 spretum-:naun

1822 430 1876 487 551

234 536 321 606 qurud,
346 533 381 587 ad
404 532 535 588 lionorem
559 532 606 588 Dei
629 540 658 589 et
672 541 768 587 nutum
788 533 859 605 ejus,
875 549 931 604 qtro
946 535 1031 606 inspi-
1046 544 1068 598 Α
1084 538 1167 607 igitur
1181 538 1221 592 tir
1236 540 1323 595 bunos
1337 551 1366 596 et
1376 542 1475 612 justus,
1491 542 1608 597 imitator
1625 542 1683 607 bei,
1698 544 1776 614 ctrjns
1790 543 1876 602 ildelts

235 640 317 682 rante
329 628 486 697 cogitantur
504 642 563 696 quae
580 635 654 681 recta
671 637 735 681 sunt
752 634 779 680 et
796 637 924 697 aguntur,
946 628 1030 698 glori-

234 722 319 776 ficato
334 734 422 788 nuper
435 733 484 788 per
499 718 698 772 relevationem
713 732 746 771 ex
764 718 874 774 decreto
886 720 1028 787 apostolici

233 811 364 866 culminis
380 812 459 866 beato
471 809 599 874 Geraldo,
619 808 732 879 speciali
751 819 869 878 patrono
887 818 914 864 et
931 806 1030 864 lrrnda.

233 914 294 960 tore
308 904 469 958 monasterii
485 902 582 968 nostri,
602 917 653 971 pro
666 917 777 957 suorum
793 902 928 973 exigentia
945 903 1030 958 meri·

233 1007 325 1051 torum
341 1006 424 1065 atque
439 996 571 1049 virtutum
593 1009 662 1064 otras
685 994 750 1050 lecit
772 1010 821 1065 per
842 995 919 1048 illum
936 994 1030 1050 botni-

232 1106 286 1145 nns
299 1089 326 1143 in
339 1087 429 1142 medio
441 1087 541 1152 nostri,
558 1094 663 1142 mentes
678 1087 799 1140 omnium
816 1087 956 1153 excitatae,
973 1096 1028 1143 tam

230 1181 299 1239 cleri
321 1197 403 1252 quarn
431 1180 524 1249 populi
549 1187 633 1249 atque
660 1178 818 1234 sublimium
846 1193 1026 1248 personarunt

232 1286 314 1334 terete
338 1284 450 1339 nostrae,
470 1282 570 1343 praeter
594 1273 669 1327 illum
697 1273 743 1339 ord
767 1273 792 1327 in
820 1275 938 1328 transitu
967 1275 1028 1345 ejus

232 1378 413 1425 cctvsecratus
425 1374 476 1429 est,
494 1366 696 1420 constituerunt
710 1365 734 1420 ei
750 1366 942 1422 communibus
957 1369 1029 1423 votis

230 1470 259 1516 et
271 1459 387 1515 intensis
404 1459 504 1514 studiis
522 1459 592 1513 diem
608 1467 740 1527 perpetuo
756 1473 838 1527 agere
861 1460 1027 1526 solemnem,

230 1554 283 1607 sub
303 1568 337 1608 eo
360 1560 483 1621 tempore
503 1565 558 1620 quo
572 1565 680 1604 sacrum
696 1549 769 1605 illius
784 1565 885 1621 corpus
906 1552 1029 1608 elevabi·

232 1654 287 1708 tur,
300 1652 413 1700 auctore
429 1642 555 1707 Domino,
570 1644 646 1698 circa
666 1642 843 1698 Nativitatem
858 1645 930 1699 beati
944 1644 1027 1700 loan-

230 1736 275 1789 nis
287 1734 424 1805 Baptistae,
441 1744 583 1803 sperantes
599 1743 627 1788 et
641 1749 701 1800 nos,
716 1735 818 1804 pariter
839 1749 901 1791 curn
914 1735 958 1789 eis
971 1735 1027 1788 rir-

230 1835 320 1880 tutrnn
336 1824 398 1892 ejus
414 1824 552 1894 magnalia
567 1826 683 1894 experti,
707 1834 737 1880 ut
755 1835 810 1880 tarn
837 1828 1026 1898 temporaliter

1081 630 1229 697 promissio
1249 646 1310 699 qtrar
1333 633 1482 701 procedunt
1499 635 1533 688 de
1555 633 1635 689 labiis
1653 633 1709 689 suis
1731 649 1786 689 non
1802 640 1875 692 novit

1082 720 1158 774 irrita
1174 721 1277 788 lacere,
1292 723 1372 777 semel
1392 723 1510 793 loquitor
1521 735 1545 779 et
1559 727 1675 793 idipsum
1691 728 1807 782 secundo
1823 746 1875 783 nott

1081 816 1173 880 repetit
1190 814 1251 886 (lod
1265 815 1364 885 xxxin)
1389 817 1471 887 (qood
1488 815 1563 872 salvo
1578 818 1876 877 dicimussacrameuto

1080 908 1238 973 sacratiori,
1254 909 1325 977 qtrod
1340 908 1419 964 nobis
1434 909 1564 964 revelarit
1576 910 1723 980 perlectins
1738 913 1783 983 qui
1800 927 1875 968 reve·

1081 995 1119 1050 lat
1135 998 1263 1069 mysteria
1280 1000 1314 1054 de
1332 1000 1411 1054 unica
1426 1009 1454 1055 et
1467 1013 1569 1056 aetcraa
1584 1004 1758 1072 generatione
1771 1005 1874 1073 Verbi),

1080 1087 1163 1142 iaciat
1185 1089 1266 1155 hanc,
1292 1104 1458 1159 gemamus,
1473 1107 1533 1145 curn
1559 1094 1615 1147 snis
1635 1095 1722 1149 servis
1750 1095 1877 1150 dontinus

1080 1187 1174 1233 noster
1185 1182 1414 1250 misericordiam,
1424 1193 1508 1254 utper
1518 1185 1682 1241 voluntatem
1695 1185 1743 1240 bri
1759 1195 1786 1241 et
1798 1202 1875 1241 suam

1079 1269 1264 1339 dignationem
1282 1274 1337 1329 cito
1351 1276 1430 1329 nobis
1442 1286 1568 1331 occurrat
1589 1280 1661 1347 qrrod
1675 1276 1876 1344 desideramus.

1080 1376 1114 1417 eo
1130 1364 1283 1435 ardentius,
1303 1381 1358 1433 guo
1374 1366 1516 1424 fecundius
1531 1377 1558 1424 et
1578 1368 1722 1425 facundius
1741 1369 1820 1426 nobis
1832 1386 1877 1427 sn·

1078 1465 1147 1509 nant
1163 1457 1244 1512 verba
1258 1458 1314 1514 oris
1329 1461 1383 1513 sui.
1402 1458 1488 1515 Sonet
1501 1474 1567 1532 ergo
1577 1461 1689 1515 verbum
1709 1473 1807 1516 vestrae
1819 1462 1877 1533 spi-

1080 1546 1182 1600 ritualis
1194 1547 1344 1604 lrarmoniae
1358 1561 1487 1620 unquam
1500 1566 1633 1621 organum
1644 1550 1763 1619 Spiritus
1771 1554 1875 1614 sancti,

1078 1643 1109 1690 ιιι
1126 1637 1241 1705 spiritns
1256 1649 1347 1695 vester
1365 1640 1412 1710 gui
1432 1640 1582 1695 habitatin
1604 1640 1700 1703 bortis,
1725 1638 1808 1695 laeiat
1826 1654 1875 1695 nos

1076 1732 1173 1787 audire
1194 1748 1289 1788 vocem
1310 1749 1387 1788 suam
1402 1735 1436 1788 ad
1459 1735 1580 1789 dandum
1602 1734 1628 1789 in
1644 1734 1875 1789 celebrationibus

1077 1822 1161 1877 decus
1174 1833 1201 1879 et
1212 1825 1433 1894 amplilieavtdorn
1450 1842 1549 1882 nomen
1565 1828 1731 1891 sanctitatis,
1745 1834 1775 1881 ut
1790 1827 1817 1882 in
1831 1828 1875 1882 die

229 1930 313 1984 quam
329 1915 512 1987 spiritualiter
528 1929 685 1970 mereamur
704 1916 737 1971 de
758 1916 843 1985 ipsius
857 1918 1026 1973 relevatione
1041 1913 1062 1968 B
1077 1928 1176 1982 magno
1205 1916 1361 1973 testivitatis
1391 1918 1527 1973 demedio
1546 1926 1684 1987 petrarum
1707 1919 1772 1973 dent
1793 1934 1875 1975 voces

229 2010 331 2065 divinae
353 2010 556 2080 propitiationis
572 2009 669 2064 crebra
686 2010 1022 2067 consolationerclevari.
1079 2007 1229 2062 beatissimi
1252 2008 1303 2063 viri
1325 2018 1417 2063 sancta
1442 2011 1588 2079 preconia,
1608 2019 1636 2064 et
1655 2025 1703 2080 per
1723 2025 1772 2065 vos
1790 2025 1873 2081 quem

228 2101 299 2169 Quia
316 2103 408 2172 igitur,
432 2112 550 2158 testante
574 2102 729 2172 Scriptura,
750 2102 784 2158 dc
803 2119 852 2159 ore
875 2103 1022 2173 prudentis
1077 2097 1209 2167 praevenit
1222 2095 1354 2153 Dominus
1370 2098 1396 2153 in
1412 2098 1650 2154 benedictionibus
1665 2099 1827 2164 dulcedinis,
1839 2100 1874 2155 de

231 2195 358 2263 procedit
378 2193 443 2259 mel,
472 2193 587 2249 dulcedo
606 2194 695 2248 mellis
719 2201 762 2249 est
784 2192 876 2263 lingua
900 2194 969 2263 ejus,
983 2204 1025 2249 est
1079 2201 1169 2248 restra
1192 2192 1288 2262 gratiae
1314 2192 1458 2248 dulcedine
1481 2201 1510 2247 ct
1537 2192 1709 2249 inexhaustis
1729 2192 1873 2262 sapientiae

230 2285 309 2341 lavus
324 2285 461 2340 distillans
480 2283 551 2339 labia
568 2282 661 2356 (Pron.
676 2285 747 2351 avt),
771 2284 805 2338 ad
820 2285 1024 2354 percipiendum
1077 2284 1216 2339 tlvesanris
1231 2283 1324 2338 dulces
1342 2285 1484 2354 capiamus
1499 2285 1623 2341 modulos
1636 2286 1745 2356 linguar,
1759 2277 1883 2357 gastau?

230 2381 265 2432 de
278 2394 324 2433 ore
339 2387 429 2433 vestro
451 2376 604 2433 dulcedinis
622 2384 744 2446 gustum,
769 2376 802 2430 dc
825 2376 870 2430 illa
887 2375 1025 2430 ditissima
1078 2381 1119 2427 tes
1134 2372 1161 2427 in
1175 2372 1217 2427 eis
1236 2387 1317 2442 uuam
1333 2373 1419 2429 doleis
1438 2383 1480 2429 cst
1491 2374 1633 2441 Dominus,
1645 2384 1673 2432 et
1686 2390 1767 2445 quam
1783 2376 1872 2431 dulcia

228 2486 298 2525 rena
324 2470 466 2540 sapientiae
488 2478 515 2524 et
542 2467 717 2537 eloquentiae,
740 2465 819 2534 cujus
841 2468 912 2520 lama
939 2467 1026 2536 replet
1079 2461 1205 2517 faucibus
1227 2463 1330 2518 nostris
1351 2464 1457 2535 eloquia
1477 2474 1567 2520 vestra
1591 2483 1673 2537 super
1699 2467 1752 2523 mel
1768 2469 1807 2523 ori
1824 2484 1874 2524 no⁴

226 2563 324 2616 orbern
343 2566 493 2626 terrarum,
519 2560 546 2615 in
570 2558 701 2613 memoria
724 2558 835 2628 gloriosi
857 2556 1026 2614 confessoris
1078 2566 1145 2609 stro.
1170 2554 1241 2609 Sunt
1265 2555 1338 2610 enim
1369 2557 1524 2625 praestitura
1555 2559 1634 2613 uobis
1663 2560 1872 2615 aedificationem

225 2649 389 2719 suppliciter
404 2665 418 2702 a
433 2648 511 2703 vobis
527 2647 697 2717 postulamus
713 2648 790 2703 vobis
809 2647 909 2704 divom
930 2647 1026 2703 landa·
1077 2644 1223 2716 plurimam
1239 2652 1266 2700 et
1284 2645 1438 2701 excitatura
1464 2646 1648 2714 devotionern,
1668 2663 1728 2718 quae
1746 2650 1872 2717 praeenti-

225 2741 314 2798 tionis
338 2742 456 2812 hymnos
482 2740 623 2809 cctnponi,
650 2739 814 2811 antiplronas
842 2740 969 2796 videlicet
996 2748 1025 2795 ct
1077 2746 1142 2792 nent
1152 2737 1316 2793 auctoritate
1328 2746 1357 2794 et
1369 2737 1489 2808 eloquio,
1507 2737 1613 2809 lulgent
1632 2740 1698 2793 tanti
1719 2739 1769 2793 viri
1783 2749 1811 2796 et
1822 2741 1872 2795 do·

227 2834 470 2902 responsoriam
492 2832 520 2887 in
541 2831 637 2887 diebos
652 2830 729 2888 lestis
744 2831 803 2901 ejus
818 2832 903 2887 Deum
924 2842 953 2888 et
972 2833 1023 2888 llo·
1077 2831 1145 2886 mirri
1166 2831 1237 2885 tanti
1259 2829 1409 2899 ntajestatis
1433 2832 1528 2886 verba.
1549 2832 1607 2886 Non
1622 2841 1664 2889 est
1687 2844 1778 2888 autent
1799 2836 1871 2903 qood

226 2925 335 2981 minum
349 2934 473 2980 nostrum
486 2926 512 2980 in
526 2933 682 2981 sanctosuo
695 2924 845 2994 praedicare
857 2924 1024 2990 mirabilem,
1077 2922 1104 2976 ln
1126 2924 1332 2978 excusationem
1350 2922 1431 2994 bujos
1451 2924 1491 2978 rei
1514 2925 1655 2981 humiliter
1677 2926 1703 2980 in
1724 2926 1776 2981 lrac
1792 2934 1872 2996 parto

226 3013 505 3085 eiusdernqoesaneti
517 3014 615 3070 merita
627 3012 838 3069 solemnioribus
848 3013 1025 3083 nragnilrcarc
1075 3016 1222 3083 prudentia
1239 3024 1329 3070 vestra
1343 3016 1448 3071 senium
1463 3016 1562 3072 debeat
1576 3017 1708 3087 allegare,
1727 3017 1805 3086 cnjus
1824 3033 1869 3072 sa-

231 3105 392 3179 pracconiis,
409 3115 493 3173 atque
514 3103 540 3157 in
557 3103 615 3157 suis
629 3102 755 3157 laudibus
776 3117 827 3158 nos
848 3113 875 3156 et
894 3104 941 3174 qui
966 3103 1025 3171 ejus
1076 3105 1186 3174 pientiee
1199 3105 1364 3161 immortalis
1376 3114 1419 3161 est
1432 3108 1503 3176 apud
1520 3123 1568 3163 ros
1584 3100 1660 3163 et‘de
1674 3108 1752 3164 vobis
1768 3124 1871 3165 memo·

226 3197 357 3272 presidio
379 3196 535 3268 specialiter
554 3194 685 3266 gaudent,
714 3195 922 3250 convenientius
943 3204 1025 3265 atque
1077 3199 1128 3264 ria,
1142 3207 1169 3252 et
1192 3199 1280 3270 ipsum
1306 3199 1426 3264 scnium,
1450 3198 1524 3253 sicut
1546 3198 1644 3253 melius
1669 3198 1766 3262 nostis,
1789 3197 1869 3254 ddem

226 3289 354 3347 elevatius
377 3288 513 3358 possimus
536 3290 634 3342 merito
658 3285 801 3342 delectari.
829 3284 934 3342 Nostrae
959 3302 1023 3340 vero
1077 3292 1155 3346 robis
1171 3272 1314 3361 compara't
1327 3301 1356 3347 et
1371 3294 1504 3357 lavorem,
1519 3291 1629 3346 dicente
1646 3289 1790 3360 Scriptura
1804 3293 1869 3361 qaia

227 3382 379 3441 bumilitati
395 3381 514 3451 velimus
528 3379 674 3451 indulgeri.
693 3393 727 3433 ιιι
742 3378 814 3432 isius!
833 3378 914 3432 nobis
933 3378 1022 3446 impu·
1075 3386 1102 3438 ln
1121 3385 1233 3438 senibus
1248 3397 1290 3439 est
1304 3384 1453 3452 sapientia,
1469 3394 1496 3439 et
1516 3383 1679 3453 sapientiam
1692 3383 1869 3450 arrtiqoorurn

228 3484 303 3530 ²⁰¹⁰?
329 3471 539 3544 llliffillffllmoni
568 3471 641 3542 quod
668 3478 724 3523 ¹²¹¹*
752 3470 797 3539 1¹5⁰
825 3477 853 3523 ⁰²
881 3467 1022 3522 humililer
1075 3478 1228 3546 exqtvirunt
1242 3476 1329 3532 sancti
1351 3476 1450 3548 (Ereti.
1465 3477 1522 3547 395.
1540 3475 1629 3544 Super
1651 3476 1684 3529 iis
1700 3474 1783 3544 igitur
1797 3474 1869 3529 obti-

227 3565 393 3637 postulatur,
410 3564 519 3619 reniam
531 3563 709 3634 implorantes
721 3561 792 3630 qrrod
806 3560 891 3614 otium
904 3569 1023 3612 vestrum
1075 3567 1175 3623 „eripis
1199 3582 1263 3637 spes
1285 3581 1336 3621 „05
1352 3566 1432 3621 firma
1456 3565 1611 3632 consonat,
1636 3565 1789 3635 praesenjm
1805 3567 1870 3634 (μή,

228 3666 358 3712 sanctum
387 3654 542 3724 inquietare
565 3654 767 3724 praesumimus,
810 3658 838 3705 ct
873 3649 1024 3704 sollicitare
1075 3657 1171 3726 sapitis
1193 3656 1282 3727 plene,
1305 3666 1334 3714 et
1358 3672 1419 3729 quac
1444 3657 1552 3712 sentitis
1578 3654 1630 3710 lari
1655 3657 1781 3726 potestis,
1805 3669 1869 3709 curn

1074 3747 1189 3816 spiritus
1204 3747 1345 3817 sapientiae
1363 3753 1391 3799 et
1410 3744 1565 3799 intellectus
1583 3744 1656 3813 apud
1678 3758 1727 3800 vos
1750 3744 1808 3813 ipse
1833 3743 1870 3796 sit

1075 3840 1130 3893 dux
1143 3839 1230 3893 verbi.
1245 3838 1315 3905 Quid
1330 3845 1422 3891 autem
1435 3850 1597 3902 generosam
1615 3834 1867 3903 magnanimitatem

701 3947 930 4018 sgp„„p„j„5,3
954 3953 1023 4000 m„
1075 3928 1118 3980 vel
1145 3928 1257 3998 aggredi
1281 3925 1382 3997 pigeat,
1412 3924 1455 3979 vel
1477 3933 1596 3994 eoeptum
1620 3923 1735 3993 fatiget?
1764 3921 1868 3975 utinam

1075 4035 1231 4075 mereamur
1245 4020 1300 4074 cito
1316 4019 1441 4073 obtinere
1458 4017 1530 4088 quod
1547 4027 1601 4070 mm
1615 4018 1711 4071 devote
1723 4017 1865 4072 desidera-

228 3763 343 3806 sensum
360 3747 446 3804 rnulta
458 3746 636 3816 cogitantem.

591 3837 663 3893 lllll.

229 3957 344 4012 Domino
359 3956 534 4020 Tornnceusi,
555 3954 680 4008 aliosde

554 4035 705 4078 conuentus.

265 4117 383 4187 llssilllm
401 4118 689 4188 0¹0l¹¹ll¹¹¹¹l0⁵ll¹¹¹¹¹2
708 4109 1023 4175 ΰθῐῐιῑῐιθιιθῐιθῐῐιθιιῑθι
1076 4113 1152 4167 mus!
1183 4125 1340 4167 mereamor
1364 4111 1467 4164 utinam
1496 4108 1607 4180 qtridam
1634 4123 1668 4165 ex
1690 4109 1779 4177 nobis,
1804 4108 1867 4179 quia

228 4218 257 4265 el
269 4210 343 4265 ltertll
356 4210 453 4274 teall't,
469 4223 583 4280 quorum
598 4202 777 4260 ittssarttmatlil
796 4202 891 4263 corda.
906 4197 1023 4268 diliguni
1075 4205 1147 4262 l'olle
1173 4219 1227 4260 ῃοῃ
1249 4206 1331 4259 datur
1352 4201 1490 4270 omnibus,
1507 4200 1715 4257 videresaciem
1731 4210 1866 4264 vestram,

230 4303 298 4360 illud
315 4321 322 4359 τ
339 4303 444 4358 auditui
461 4303 562 4373 qnippe
575 4309 668 4357 nostro
684 4297 761 4354 dedit
780 4294 909 4366 gavidium
928 4301 956 4346 et
976 4291 1023 4346 ¹³³·
1075 4306 1103 4354 et
1115 4297 1235 4370 gaudere
1248 4295 1275 4350 in
1290 4302 1402 4365 aspectu
1419 4301 1511 4348 restro
1525 4300 1554 4348 et
1569 4293 1597 4348 in
1614 4291 1706 4349 verbis
1726 4292 1869 4362 sapientias

228 4395 331 4454 titiam.
353 4394 540 4451 Allerentibus
556 4408 642 4465 nuper
658 4390 748 4446 servis
766 4388 865 4445 vestris
880 4399 1021 4442 sacrarum
1074 4401 1184 4454 vestrae,
1203 4396 1231 4444 et
1250 4387 1285 4442 de
1312 4383 1545 4455 contemplatione
1569 4383 1636 4438 tanti
1661 4382 1775 4448 domini,
1791 4382 1869 4453 cuitu

232 4486 392 4546 lltterarnm
407 4488 532 4558 apicibus
549 4483 716 4541 salutatione
738 4480 890 4552 praemissa,
911 4488 939 4534 et
958 4476 1022 4532 lacti
1075 4498 1126 4538 no.
1143 4463 1277 4552 spsehles
1297 4492 1394 4534 servos
1417 4487 1500 4548 atque
1519 4477 1634 4532 devotos
1649 4475 1683 4530 ad
1698 4475 1791 4531 omnia
1806 4491 1868 4545 quas

228 4594 327 4638 auritus
343 4579 416 4636 sicut
436 4578 581 4642 corrsolati,
603 4587 632 4632 et
652 4586 782 4645 tatvquam
803 4573 860 4642 iam
876 4571 973 4639 adepta
988 4582 1021 4621 cn
1038 4586 1224 4646 „possumus
1239 4584 1290 4626 nos
1304 4568 1476 4638 profitemur,
1499 4565 1638 4636 possimus
1659 4566 1756 4620 merito
1777 4565 1868 4621 (petet.

230 4675 369 4744 promisso
385 4687 441 4729 suae
459 4670 570 4741 pietatis
585 4668 723 4728 ellectum,
740 4667 811 4723 sicut
826 4665 907 4735 adipe
922 4672 949 4717 et
960 4660 1022 4731 piu·
1075 4667 1143 4722 tari!
1159 4665 1311 4722 conservet
1325 4659 1458 4716 Dominus
1469 4656 1685 4712 incolumitatem
1699 4664 1818 4711 vestram
1832 4657 1867 4710 sd

231 4765 348 4836 guedinc
362 4765 465 4834 repleta
480 4773 522 4819 est
537 4761 628 4816 aninra
648 4769 753 4825 nostra,
774 4757 917 4811 vulnerata
933 4752 1023 4809 ebarl-
1075 4760 1192 4816 salntem
1212 4765 1240 4811 et
1266 4755 1399 4810 honorem
1426 4749 1511 4804 totius
1534 4754 1638 4801 saneta
1658 4745 1866 4809 Eccleslaesoae,

233 4866 304 4924 tate;
324 4865 352 4911 et
368 4856 448 4910 labiis
461 4850 654 4910 exsultationis
670 4848 791 4902 laudavit
810 4861 840 4900 os
855 4858 946 4900 meum
962 4857 1025 4912 per·
1075 4850 1160 4905 parer
1178 4856 1274 4903 sancte
1298 4854 1326 4900 ev
1348 4839 1511 4898 charissime
1528 4838 1647 4905 domine,
1675 4838 1703 4893 jn
1719 4837 1866 4907 longiagas.

231 4949 322 5017 ceptis
347 4945 489 5002 benolrciis
513 4943 569 5010 jam
591 4949 713 5010 gratum,
737 4947 768 4994 ιιι
788 4952 821 4993 ex
848 4934 1026 5006 perceptione

231 5040 410 5111 praesentium
431 5051 576 5092 tnnrrcrom
593 5035 672 5087 lrrma
684 5032 720 5086 sit
735 5029 905 5099 exspectatio
920 5026 1025 5081 loturo·

231 5148 305 5189 rum.
320 5130 430 5188 Gratias
441 5128 591 5199 dignationi
606 5135 706 5180 vestrae
720 5138 780 5193 qrrae
794 5131 915 5176 nostram
936 5120 1025 5174 ltnmi·

232 5230 338 5283 litatem
355 5234 434 5280 tardo
448 5226 576 5295 dignatur
597 5223 703 5276 bonore
724 5230 752 5273 et
765 5217 853 5288 gratia
875 5225 903 5270 ot
927 5216 963 5269 sit
985 5215 1025 5269 illi

230 5328 300 5369 ctrra
312 5315 346 5381 de
363 5313 443 5368 nobis
460 5321 487 5367 et
501 5312 656 5380 respexerit
670 5310 696 5363 in
710 5309 863 5364 orationem
879 5304 1023 5360 humilium

182 5401 194 5415 ⁸
229 5422 285 5466 nec
301 5408 437 5478 spreverit
456 5420 564 5479 precem
586 5418 706 5479 corum:
727 5400 862 5469 siquidem
887 5400 1025 5455 delectant

229 5515 287 5557 uos
299 5499 445 5570 plurimum
463 5499 561 5553 merito
577 5497 603 5551 in
629 5495 732 5549 eisdem
754 5491 865 5555 litteris,
885 5489 1025 5559 inquibus

231 5595 313 5650 uoltis
335 5608 411 5661 spem
444 5592 567 5656 dedistis,
590 5587 804 5659 pulchritudinis
826 5585 948 5656 eloquia,
979 5584 1024 5638 ubi

231 5686 464 5754 contemplamur,
482 5684 556 5738 velut
572 5683 598 5735 in
619 5681 735 5749 quodam
748 5678 910 5749 exemplari,
922 5684 1024 5744 qrraota

231 5777 406 5849 arretiosltate
421 5779 502 5833 decor
515 5783 543 5830 et
556 5774 640 5829 totius
657 5773 749 5843 operis
763 5769 913 5826 desiderati
926 5780 1024 5835 corpus

233 5869 355 5924 lucidum
382 5868 462 5923 debet
487 5866 632 5938 splendere
658 5864 762 5934 pariter
784 5869 812 5918 et
836 5859 936 5914 valere.
954 5853 1023 5923 Quia

337 5966 472 6025 Persou.
494 5958 602 6020 ccxt.

1077 4955 1140 4995 netu
1152 4936 1276 4992 dicrum!

1443 5042 1503 5098 xx,

1076 5164 1171 5220 dbboti
1197 5174 1220 5216 et
1235 5177 1312 5214 suero
1327 5159 1436 5228 collegio
1453 5157 1675 5225 Siloa-Maioris,
1683 5155 1801 5225 actamnis
1817 5172 1869 5212 non

1112 5233 1274 5288 silcestriluts
1291 5247 1337 5284 uec
1350 5231 1503 5295 ntundnan,
1519 5233 1546 5282 in
1561 5228 1667 5282 servitio
1687 5225 1794 5279 Conrini
1806 5242 1868 5279 cco·

1112 5307 1174 5358 dam
1196 5306 1288 5357 lroatitc
1305 5313 1328 5354 et
1345 5302 1462 5353 tunicam
1479 5301 1601 5352 colorent.

1113 5394 1253 5463 indulgeat
1276 5391 1353 5448 vobis
1373 5390 1461 5455 beas,
1484 5387 1584 5442 iratres
1608 5382 1774 5448 charissimi,
1797 5385 1869 5453 qnod

1076 5490 1214 5545 bominem
1237 5487 1373 5542 inlrrnmm
1395 5481 1427 5537 ad
1449 5481 1549 5544 lortia,
1572 5492 1664 5533 senem
1686 5478 1720 5530 ad
1739 5476 1869 5546 juvenilia

1062 5609 1064 5612 ⁴
1077 5580 1259 5636 sacramentis
1273 5575 1474 5647 episcopalibus
1485 5571 1626 5626 astrictum
1644 5570 1677 5623 ad
1690 5571 1869 5641 κολακιυμιιτιι

1076 5682 1103 5730 et
1117 5671 1242 5742 periodos
1256 5669 1412 5740 impulistis.
1431 5664 1562 5720 strfficere
1578 5661 1689 5717 deberet
1708 5663 1741 5715 ad
1755 5677 1870 5716 exeusa-

1077 5766 1179 5820 tionem
1197 5767 1317 5815 nostram
1332 5758 1404 5829 quod
1427 5755 1505 5810 vobis
1524 5768 1599 5808 eram
1617 5753 1737 5823 ignotus,
1754 5752 1813 5809 loco
1826 5767 1870 5810 re·

1077 5853 1309 5921 motus,natioue,
1318 5850 1406 5918 lingua
1415 5855 1443 5902 et
1457 5844 1579 5901 moribus
1591 5842 1705 5913 alienus,
1718 5843 1869 5917 praesertim

1653 5938 1691 5999 18
