<?xml version="1.0" encoding="UTF-8"?>
<!DOCTYPE html PUBLIC "-//W3C//DTD XHTML 1.0 Transitional//EN"
    "http://www.w3.org/TR/xhtml1/DTD/xhtml1-transitional.dtd">
<html xmlns="http://www.w3.org/1999/xhtml" xml:lang="en" lang="en">
 <head>
  <title>
</title>
<meta http-equiv="Content-Type" content="text/html;charset=utf-8" />
  <meta name='ocr-system' content='tesseract 3.04.00' />
  <meta name='ocr-capabilities' content='ocr_page ocr_carea ocr_par ocr_line ocrx_word'/>
</head>
<body>
  <div class='ocr_page' id='page_1' title='image "./patrologiaecurs20goog_0159.png"; bbox 0 0 4425 6450; ppageno 0'>
   <div class='ocr_carea' id='block_1_1' title="bbox 622 323 727 382">
    <p class='ocr_par' dir='ltr' id='par_1_1' title="bbox 622 323 727 382">
     <span class='ocr_line' id='line_1_1' title="bbox 622 323 727 382; baseline 0.019 -2"><span class='ocrx_word' id='word_1_1' title='bbox 622 323 727 382; x_wconf 73' lang='lat' dir='ltr'><em>zoi</em></span> 
     </span>
    </p>
   </div>
   <div class='ocr_carea' id='block_1_2' title="bbox 2116 319 2411 382">
    <p class='ocr_par' dir='ltr' id='par_1_2' title="bbox 2116 319 2411 382">
     <span class='ocr_line' id='line_1_2' title="bbox 2116 319 2411 382; baseline 0.003 -3"><span class='ocrx_word' id='word_1_2' title='bbox 2116 319 2411 382; x_wconf 75' lang='lat' dir='ltr'><em>ttoTtTtA.</em></span> 
     </span>
    </p>
   </div>
   <div class='ocr_carea' id='block_1_3' title="bbox 3788 336 3892 398">
    <p class='ocr_par' dir='ltr' id='par_1_3' title="bbox 3788 336 3892 398">
     <span class='ocr_line' id='line_1_3' title="bbox 3788 336 3892 398; baseline 0.019 -3"><span class='ocrx_word' id='word_1_3' title='bbox 3788 336 3892 398; x_wconf 66' lang='lat'><em>302</em></span> 
     </span>
    </p>
   </div>
   <div class='ocr_carea' id='block_1_4' title="bbox 622 436 3890 515">
    <p class='ocr_par' dir='ltr' id='par_1_4' title="bbox 622 436 3890 515">
     <span class='ocr_line' id='line_1_4' title="bbox 622 436 3890 515; baseline 0.004 -19"><span class='ocrx_word' id='word_1_4' title='bbox 622 454 872 510; x_wconf 84' lang='lat' dir='ltr'><em>numque</em></span> <span class='ocrx_word' id='word_1_5' title='bbox 898 441 1140 497; x_wconf 76' lang='lat' dir='ltr'><em>liumsno</em></span> <span class='ocrx_word' id='word_1_6' title='bbox 1157 449 1337 511; x_wconf 80' lang='lat' dir='ltr'><em>potins</em></span> <span class='ocrx_word' id='word_1_7' title='bbox 1355 440 1539 497; x_wconf 80' lang='lat' dir='ltr'><em>l&#39;avore</em></span> <span class='ocrx_word' id='word_1_8' title='bbox 1560 455 1722 511; x_wconf 89' lang='lat' dir='ltr'><em>quam</em></span> <span class='ocrx_word' id='word_1_9' title='bbox 1748 438 1840 495; x_wconf 86' lang='lat' dir='ltr'><em>Del</em></span> <span class='ocrx_word' id='word_1_10' title='bbox 1871 441 2208 511; x_wconf 77' lang='lat' dir='ltr'><em>providentia</em></span> <span class='ocrx_word' id='word_1_11' title='bbox 2241 443 2288 498; x_wconf 76' lang='lat' dir='ltr'>A</span> <span class='ocrx_word' id='word_1_12' title='bbox 2317 452 2449 511; x_wconf 77' lang='lat' dir='ltr'><em>gens·</em></span> <span class='ocrx_word' id='word_1_13' title='bbox 2498 437 2952 494; x_wconf 77' lang='lat' dir='ltr'>cameracensem</span> <span class='ocrx_word' id='word_1_14' title='bbox 2983 436 3454 511; x_wconf 67' lang='lat' dir='ltr'>archidiaconum,</span> <span class='ocrx_word' id='word_1_15' title='bbox 3479 441 3680 515; x_wconf 79' lang='lat' dir='ltr'><em>alloqui</em></span> <span class='ocrx_word' id='word_1_16' title='bbox 3730 464 3890 509; x_wconf 84' lang='lat' dir='ltr'><em>sumn</em></span> 
     </span>
    </p>
   </div>
   <div class='ocr_carea' id='block_1_5' title="bbox 612 511 2202 1775">
    <p class='ocr_par' dir='ltr' id='par_1_5' title="bbox 612 511 2202 1702">
     <span class='ocr_line' id='line_1_5' title="bbox 622 511 2194 581; baseline -0.001 -16"><span class='ocrx_word' id='word_1_17' title='bbox 622 512 695 565; x_wconf 72' lang='lat' dir='ltr'><em>ad</em></span> <span class='ocrx_word' id='word_1_18' title='bbox 745 511 1119 581; x_wconf 86' lang='lat' dir='ltr'><em>episcopatum</em></span> <span class='ocrx_word' id='word_1_19' title='bbox 1176 511 1581 567; x_wconf 85' lang='lat' dir='ltr'><em>Tornacensem</em></span> <span class='ocrx_word' id='word_1_20' title='bbox 1641 512 1794 565; x_wconf 74' lang='lat' dir='ltr'><em>evehi</em></span> <span class='ocrx_word' id='word_1_21' title='bbox 1855 512 2194 580; x_wconf 69' lang='lat' dir='ltr'><em>suspicatus.</em></span> 
     </span>
     <span class='ocr_line' id='line_1_6' title="bbox 621 579 2202 651; baseline -0.001 -15"><span class='ocrx_word' id='word_1_22' title='bbox 621 579 771 636; x_wconf 81' lang='lat' dir='ltr'><em>banc</em></span> <span class='ocrx_word' id='word_1_23' title='bbox 805 580 1127 636; x_wconf 83' lang='lat' dir='ltr'><em>electionem</em></span> <span class='ocrx_word' id='word_1_24' title='bbox 1155 596 1300 651; x_wconf 73' lang='lat' dir='ltr'><em>:egre</em></span> <span class='ocrx_word' id='word_1_25' title='bbox 1332 581 1483 646; x_wconf 87' lang='lat' dir='ltr'><em>tulit;</em></span> <span class='ocrx_word' id='word_1_26' title='bbox 1525 580 1667 650; x_wconf 86' lang='lat' dir='ltr'><em>qnod</em></span> <span class='ocrx_word' id='word_1_27' title='bbox 1699 581 1941 636; x_wconf 83' lang='lat' dir='ltr'><em>sentiens</em></span> <span class='ocrx_word' id='word_1_28' title='bbox 1973 582 2202 651; x_wconf 87' lang='lat' dir='ltr'><em>Stepha-</em></span> 
     </span>
     <span class='ocr_line' id='line_1_7' title="bbox 622 651 2202 719; baseline 0.001 -15"><span class='ocrx_word' id='word_1_29' title='bbox 622 665 750 715; x_wconf 84' lang='lat' dir='ltr'><em>nus.</em></span> <span class='ocrx_word' id='word_1_30' title='bbox 785 666 891 705; x_wconf 92' lang='lat' dir='ltr'><em>non</em></span> <span class='ocrx_word' id='word_1_31' title='bbox 919 652 1080 707; x_wconf 90' lang='lat' dir='ltr'><em>modo</em></span> <span class='ocrx_word' id='word_1_32' title='bbox 1110 654 1350 706; x_wconf 78' lang='lat' dir='ltr'><em>animum</em></span> <span class='ocrx_word' id='word_1_33' title='bbox 1383 652 1578 706; x_wconf 84' lang='lat' dir='ltr'><em>sunnni</em></span> <span class='ocrx_word' id='word_1_34' title='bbox 1626 651 1898 719; x_wconf 86' lang='lat' dir='ltr'><em>pontilicis</em></span> <span class='ocrx_word' id='word_1_35' title='bbox 1921 651 2202 708; x_wconf 82' lang='lat' dir='ltr'><em>exulcera-</em></span> 
     </span>
     <span class='ocr_line' id='line_1_8' title="bbox 624 722 2200 792; baseline 0.004 -18"><span class='ocrx_word' id='word_1_36' title='bbox 624 731 767 779; x_wconf 85' lang='lat' dir='ltr'><em>tum.</em></span> <span class='ocrx_word' id='word_1_37' title='bbox 798 723 883 777; x_wconf 88' lang='lat' dir='ltr'><em>his</em></span> <span class='ocrx_word' id='word_1_38' title='bbox 920 722 1102 776; x_wconf 83' lang='lat' dir='ltr'><em>verbis</em></span> <span class='ocrx_word' id='word_1_39' title='bbox 1129 723 1373 790; x_wconf 85' lang='lat' dir='ltr'><em>obsequii</em></span> <span class='ocrx_word' id='word_1_40' title='bbox 1409 738 1470 775; x_wconf 86' lang='lat' dir='ltr'><em>ac</em></span> <span class='ocrx_word' id='word_1_41' title='bbox 1520 722 1837 776; x_wconf 63' lang='lat' dir='ltr'><em>reverentie</em></span> <span class='ocrx_word' id='word_1_42' title='bbox 1870 731 2050 777; x_wconf 82' lang='lat' dir='ltr'><em>notam</em></span> <span class='ocrx_word' id='word_1_43' title='bbox 2090 740 2200 792; x_wconf 80' lang='lat' dir='ltr'><em>proe</em></span> 
     </span>
     <span class='ocr_line' id='line_1_9' title="bbox 622 791 2200 859; baseline 0.002 -15"><span class='ocrx_word' id='word_1_44' title='bbox 622 806 685 845; x_wconf 86' lang='lat' dir='ltr'><em>se</em></span> <span class='ocrx_word' id='word_1_45' title='bbox 732 793 1036 847; x_wconf 78' lang='lat' dir='ltr'><em>serentibus</em></span> <span class='ocrx_word' id='word_1_46' title='bbox 1063 791 1358 859; x_wconf 70' lang='lat' dir='ltr'>gloriosam</span> <span class='ocrx_word' id='word_1_47' title='bbox 1402 792 1666 853; x_wconf 72' lang='lat' dir='ltr'><em>delinivit,</em></span> <span class='ocrx_word' id='word_1_48' title='bbox 1702 793 1795 847; x_wconf 83' lang='lat' dir='ltr'><em>scd</em></span> <span class='ocrx_word' id='word_1_49' title='bbox 1837 793 2004 848; x_wconf 85' lang='lat' dir='ltr'><em>etiam</em></span> <span class='ocrx_word' id='word_1_50' title='bbox 2049 810 2200 850; x_wconf 87' lang='lat' dir='ltr'><em>amo·</em></span> 
     </span>
     <span class='ocr_line' id='line_1_10' title="bbox 624 862 2197 934; baseline 0.003 -22"><span class='ocrx_word' id='word_1_51' title='bbox 624 874 744 914; x_wconf 86' lang='lat' dir='ltr'><em>rem</em></span> <span class='ocrx_word' id='word_1_52' title='bbox 775 878 839 915; x_wconf 86' lang='lat' dir='ltr'><em>ac</em></span> <span class='ocrx_word' id='word_1_53' title='bbox 862 863 1289 917; x_wconf 74' lang='lat' dir='ltr'><em>benevolentiam</em></span> <span class='ocrx_word' id='word_1_54' title='bbox 1326 864 1494 934; x_wconf 65' lang='lat' dir='ltr'><em>ipatus</em></span> <span class='ocrx_word' id='word_1_55' title='bbox 1526 862 1852 925; x_wconf 65' lang='lat' dir='ltr'><em>singularem</em></span> <span class='ocrx_word' id='word_1_56' title='bbox 1896 863 1998 919; x_wconf 88' lang='lat' dir='ltr'><em>sibi</em></span> <span class='ocrx_word' id='word_1_57' title='bbox 2045 879 2197 922; x_wconf 88' lang='lat' dir='ltr'><em>com·</em></span> 
     </span>
     <span class='ocr_line' id='line_1_11' title="bbox 622 931 2196 997; baseline 0.004 -14"><span class='ocrx_word' id='word_1_58' title='bbox 622 934 875 997; x_wconf 74' lang='lat' dir='ltr'><em>paravit:</em></span> <span class='ocrx_word' id='word_1_59' title='bbox 906 932 1137 986; x_wconf 83' lang='lat' dir='ltr'><em>Vocatus</em></span> <span class='ocrx_word' id='word_1_60' title='bbox 1175 932 1246 984; x_wconf 79' lang='lat' dir='ltr'><em>acl</em></span> <span class='ocrx_word' id='word_1_61' title='bbox 1281 933 1570 989; x_wconf 71' lang='lat' dir='ltr'><em>Ecclesium</em></span> <span class='ocrx_word' id='word_1_62' title='bbox 1605 931 1983 988; x_wconf 83' lang='lat' dir='ltr'><em>Tornacensem</em></span> <span class='ocrx_word' id='word_1_63' title='bbox 2010 934 2124 989; x_wconf 82' lang='lat' dir='ltr'><em>loco</em></span> <span class='ocrx_word' id='word_1_64' title='bbox 2147 945 2196 989; x_wconf 88' lang='lat' dir='ltr'><em>et</em></span> 
     </span>
     <span class='ocr_line' id='line_1_12' title="bbox 621 1003 2195 1073; baseline 0.006 -22"><span class='ocrx_word' id='word_1_65' title='bbox 621 1004 806 1054; x_wconf 83' lang='lat' dir='ltr'><em>animo</em></span> <span class='ocrx_word' id='word_1_66' title='bbox 861 1014 1088 1055; x_wconf 80' lang='lat' dir='ltr'><em>remotus</em></span> <span class='ocrx_word' id='word_1_67' title='bbox 1129 1014 1175 1057; x_wconf 88' lang='lat' dir='ltr'><em>et</em></span> <span class='ocrx_word' id='word_1_68' title='bbox 1219 1005 1458 1073; x_wconf 76' lang='lat' dir='ltr'><em>iqnnrus,</em></span> <span class='ocrx_word' id='word_1_69' title='bbox 1507 1003 1738 1073; x_wconf 73' lang='lat' dir='ltr'><em>nihilque</em></span> <span class='ocrx_word' id='word_1_70' title='bbox 1782 1004 1952 1056; x_wconf 81' lang='lat' dir='ltr'><em>minus</em></span> <span class='ocrx_word' id='word_1_71' title='bbox 1978 1021 2195 1072; x_wconf 77' lang='lat' dir='ltr'><em>sperans</em></span> 
     </span>
     <span class='ocr_line' id='line_1_13' title="bbox 620 1069 2197 1141; baseline 0.003 -18"><span class='ocrx_word' id='word_1_72' title='bbox 620 1086 782 1137; x_wconf 76' lang='lat' dir='ltr'><em>quam</em></span> <span class='ocrx_word' id='word_1_73' title='bbox 822 1069 1147 1135; x_wconf 74' lang='lat' dir='ltr'><em>cathedram,</em></span> <span class='ocrx_word' id='word_1_74' title='bbox 1173 1089 1267 1125; x_wconf 77' lang='lat' dir='ltr'><em>cur</em></span> <span class='ocrx_word' id='word_1_75' title='bbox 1290 1076 1506 1135; x_wconf 73' lang='lat' dir='ltr'><em>excessi,</em></span> <span class='ocrx_word' id='word_1_76' title='bbox 1545 1074 1591 1127; x_wconf 82' lang='lat' dir='ltr'><em>si</em></span> <span class='ocrx_word' id='word_1_77' title='bbox 1638 1074 1873 1127; x_wconf 70' lang='lat' dir='ltr'><em>accessi?</em></span> <span class='ocrx_word' id='word_1_78' title='bbox 1901 1074 2043 1138; x_wconf 77' lang='lat' dir='ltr'><em>Quid</em></span> <span class='ocrx_word' id='word_1_79' title='bbox 2078 1092 2197 1141; x_wconf 83' lang='lat' dir='ltr'><em>pec-</em></span> 
     </span>
     <span class='ocr_line' id='line_1_14' title="bbox 624 1142 2198 1212; baseline 0.005 -20"><span class='ocrx_word' id='word_1_80' title='bbox 624 1142 766 1203; x_wconf 77' lang='lat' dir='ltr'><em>cari,</em></span> <span class='ocrx_word' id='word_1_81' title='bbox 790 1143 960 1197; x_wconf 77' lang='lat' dir='ltr'><em>sinon</em></span> <span class='ocrx_word' id='word_1_82' title='bbox 1000 1144 1251 1212; x_wconf 83' lang='lat' dir='ltr'><em>precari?</em></span> <span class='ocrx_word' id='word_1_83' title='bbox 1273 1145 1353 1198; x_wconf 77' lang='lat' dir='ltr'><em>An</em></span> <span class='ocrx_word' id='word_1_84' title='bbox 1376 1145 1594 1212; x_wconf 83' lang='lat' dir='ltr'><em>deliqui,</em></span> <span class='ocrx_word' id='word_1_85' title='bbox 1623 1145 1748 1207; x_wconf 79' lang='lat' dir='ltr'><em>quia</em></span> <span class='ocrx_word' id='word_1_86' title='bbox 1777 1160 1876 1198; x_wconf 86' lang='lat' dir='ltr'><em>non</em></span> <span class='ocrx_word' id='word_1_87' title='bbox 1905 1144 2198 1212; x_wconf 62' lang='lat' dir='ltr'><em>dere-&#39;iquit</em></span> 
     </span>
     <span class='ocr_line' id='line_1_15' title="bbox 624 1208 2195 1282; baseline 0.004 -19"><span class='ocrx_word' id='word_1_88' title='bbox 624 1208 877 1266; x_wconf 73' lang='lat' dir='ltr'><em>Divinare</em></span> <span class='ocrx_word' id='word_1_89' title='bbox 930 1222 1066 1267; x_wconf 85' lang='lat' dir='ltr'><em>certe</em></span> <span class='ocrx_word' id='word_1_90' title='bbox 1102 1231 1203 1267; x_wconf 86' lang='lat' dir='ltr'><em>non</em></span> <span class='ocrx_word' id='word_1_91' title='bbox 1253 1216 1423 1277; x_wconf 81' lang='lat' dir='ltr'><em>potui.</em></span> <span class='ocrx_word' id='word_1_92' title='bbox 1453 1216 1747 1282; x_wconf 79' lang='lat' dir='ltr'><em>placeretne</em></span> <span class='ocrx_word' id='word_1_93' title='bbox 1786 1229 1857 1267; x_wconf 84' lang='lat' dir='ltr'><em>an</em></span> <span class='ocrx_word' id='word_1_94' title='bbox 1894 1213 2195 1281; x_wconf 83' lang='lat' dir='ltr'><em>displiceret</em></span> 
     </span>
     <span class='ocr_line' id='line_1_16' title="bbox 619 1282 2192 1354; baseline 0.006 -23"><span class='ocrx_word' id='word_1_95' title='bbox 619 1296 830 1335; x_wconf 68' lang='lat' dir='ltr'><em>surrento</em></span> <span class='ocrx_word' id='word_1_96' title='bbox 859 1283 1139 1352; x_wconf 75' lang='lat' dir='ltr'><em>pontifici?</em></span> <span class='ocrx_word' id='word_1_97' title='bbox 1167 1282 1331 1352; x_wconf 76' lang='lat' dir='ltr'><em>Cujus</em></span> <span class='ocrx_word' id='word_1_98' title='bbox 1372 1285 1568 1354; x_wconf 87' lang='lat' dir='ltr'><em>placita</em></span> <span class='ocrx_word' id='word_1_99' title='bbox 1609 1295 1730 1337; x_wconf 78' lang='lat' dir='ltr'><em>sunt</em></span> <span class='ocrx_word' id='word_1_100' title='bbox 1747 1284 1900 1353; x_wconf 79' lang='lat' dir='ltr'><em>jura,</em></span> <span class='ocrx_word' id='word_1_101' title='bbox 1942 1286 1997 1337; x_wconf 88' lang='lat' dir='ltr'><em>in</em></span> <span class='ocrx_word' id='word_1_102' title='bbox 2037 1288 2192 1354; x_wconf 80' lang='lat' dir='ltr'><em>eujus</em></span> 
     </span>
     <span class='ocr_line' id='line_1_17' title="bbox 619 1351 2195 1425; baseline 0.006 -24"><span class='ocrx_word' id='word_1_103' title='bbox 619 1351 811 1405; x_wconf 74' lang='lat' dir='ltr'><em>dextra</em></span> <span class='ocrx_word' id='word_1_104' title='bbox 846 1354 997 1423; x_wconf 72' lang='lat' dir='ltr'><em>iqnea</em></span> <span class='ocrx_word' id='word_1_105' title='bbox 1025 1353 1130 1408; x_wconf 73' lang='lat' dir='ltr'><em>lex.</em></span> <span class='ocrx_word' id='word_1_106' title='bbox 1160 1353 1263 1408; x_wconf 82' lang='lat' dir='ltr'><em>Sed</em></span> <span class='ocrx_word' id='word_1_107' title='bbox 1284 1355 1532 1425; x_wconf 85' lang='lat' dir='ltr'><em>quoniain</em></span> <span class='ocrx_word' id='word_1_108' title='bbox 1559 1355 1812 1408; x_wconf 81' lang='lat' dir='ltr'><em>bonarum</em></span> <span class='ocrx_word' id='word_1_109' title='bbox 1845 1355 2094 1409; x_wconf 83' lang='lat' dir='ltr'><em>mentium</em></span> <span class='ocrx_word' id='word_1_110' title='bbox 2116 1367 2195 1410; x_wconf 80' lang='lat' dir='ltr'><em>est</em></span> 
     </span>
     <span class='ocr_line' id='line_1_18' title="bbox 618 1416 2192 1493; baseline 0.008 -23"><span class='ocrx_word' id='word_1_111' title='bbox 618 1416 697 1472; x_wconf 73' lang='lat' dir='ltr'><em>ibi</em></span> <span class='ocrx_word' id='word_1_112' title='bbox 721 1424 903 1491; x_wconf 79' lang='lat' dir='ltr'><em>culpas</em></span> <span class='ocrx_word' id='word_1_113' title='bbox 921 1438 1197 1488; x_wconf 74' lang='lat' dir='ltr'><em>conoscere</em></span> <span class='ocrx_word' id='word_1_114' title='bbox 1220 1425 1306 1477; x_wconf 80' lang='lat' dir='ltr'><em>ubi</em></span> <span class='ocrx_word' id='word_1_115' title='bbox 1327 1425 1480 1493; x_wconf 86' lang='lat' dir='ltr'><em>culpa</em></span> <span class='ocrx_word' id='word_1_116' title='bbox 1509 1440 1613 1478; x_wconf 88' lang='lat' dir='ltr'><em>non</em></span> <span class='ocrx_word' id='word_1_117' title='bbox 1637 1434 1732 1489; x_wconf 84' lang='lat' dir='ltr'><em>est,</em></span> <span class='ocrx_word' id='word_1_118' title='bbox 1763 1435 1811 1478; x_wconf 88' lang='lat' dir='ltr'><em>et</em></span> <span class='ocrx_word' id='word_1_119' title='bbox 1839 1425 2192 1490; x_wconf 79' lang='lat' dir='ltr'><em>periculosum</em></span> 
     </span>
     <span class='ocr_line' id='line_1_19' title="bbox 618 1490 2187 1565; baseline 0.006 -25"><span class='ocrx_word' id='word_1_120' title='bbox 618 1490 775 1544; x_wconf 56' lang='lat' dir='ltr'><em>ruli-te</em></span> <span class='ocrx_word' id='word_1_121' title='bbox 817 1501 889 1544; x_wconf 73' lang='lat' dir='ltr'><em>est</em></span> <span class='ocrx_word' id='word_1_122' title='bbox 928 1491 1043 1559; x_wconf 78' lang='lat' dir='ltr'><em>filio</em></span> <span class='ocrx_word' id='word_1_123' title='bbox 1091 1495 1330 1563; x_wconf 67' lang='lat' dir='ltr'><em>separari</em></span> <span class='ocrx_word' id='word_1_124' title='bbox 1358 1495 1565 1548; x_wconf 76' lang='lat' dir='ltr'><em>diutius</em></span> <span class='ocrx_word' id='word_1_125' title='bbox 1613 1511 1644 1547; x_wconf 91' lang='lat' dir='ltr'><em>a</em></span> <span class='ocrx_word' id='word_1_126' title='bbox 1682 1501 1961 1561; x_wconf 77' lang='lat' dir='ltr'><em>conspectu</em></span> <span class='ocrx_word' id='word_1_127' title='bbox 1999 1497 2187 1565; x_wconf 79' lang='lat' dir='ltr'><em>patrie,</em></span> 
     </span>
     <span class='ocr_line' id='line_1_20' title="bbox 614 1564 2191 1637; baseline 0.006 -26"><span class='ocrx_word' id='word_1_128' title='bbox 614 1564 948 1627; x_wconf 74' lang='lat' dir='ltr'><em>exceptiones</em></span> <span class='ocrx_word' id='word_1_129' title='bbox 970 1565 1172 1623; x_wconf 83' lang='lat' dir='ltr'><em>omitto.</em></span> <span class='ocrx_word' id='word_1_130' title='bbox 1200 1565 1400 1620; x_wconf 82' lang='lat' dir='ltr'><em>veniant</em></span> <span class='ocrx_word' id='word_1_131' title='bbox 1424 1574 1568 1637; x_wconf 84' lang='lat' dir='ltr'><em>peto,</em></span> <span class='ocrx_word' id='word_1_132' title='bbox 1598 1565 1826 1635; x_wconf 71' lang='lat' dir='ltr'><em>qratiam</em></span> <span class='ocrx_word' id='word_1_133' title='bbox 1856 1580 2056 1636; x_wconf 65' lang='lat' dir='ltr'><em>quieto,</em></span> <span class='ocrx_word' id='word_1_134' title='bbox 2089 1566 2191 1620; x_wconf 88' lang='lat' dir='ltr'><em>mi·</em></span> 
     </span>
     <span class='ocr_line' id='line_1_21' title="bbox 612 1631 1386 1702; baseline 0.012 -21"><span class='ocrx_word' id='word_1_135' title='bbox 612 1631 963 1687; x_wconf 71' lang='lat' dir='ltr'><em>serit-ordiam</em></span> <span class='ocrx_word' id='word_1_136' title='bbox 997 1633 1238 1702; x_wconf 78' lang='lat' dir='ltr'><em>imploro.</em></span> <span class='ocrx_word' id='word_1_137' title='bbox 1279 1644 1386 1691; x_wconf 86' lang='lat' dir='ltr'><em>etc.</em></span> 
     </span>
    </p>

    <p class='ocr_par' dir='ltr' id='par_1_6' title="bbox 691 1699 2189 1775">
     <span class='ocr_line' id='line_1_22' title="bbox 691 1699 2189 1775; baseline 0.005 -21"><span class='ocrx_word' id='word_1_138' title='bbox 691 1699 887 1756; x_wconf 77' lang='lat' dir='ltr'><em>Mirum</em></span> <span class='ocrx_word' id='word_1_139' title='bbox 914 1713 1174 1771; x_wconf 88' lang='lat' dir='ltr'><em>quantum</em></span> <span class='ocrx_word' id='word_1_140' title='bbox 1195 1705 1434 1761; x_wconf 88' lang='lat' dir='ltr'><em>dolorem</em></span> <span class='ocrx_word' id='word_1_141' title='bbox 1460 1705 1730 1775; x_wconf 74' lang='lat' dir='ltr'><em>religiosis</em></span> <span class='ocrx_word' id='word_1_142' title='bbox 1759 1702 1974 1759; x_wconf 81' lang='lat' dir='ltr'><em>Sanctae</em></span> <span class='ocrx_word' id='word_1_143' title='bbox 2009 1702 2189 1762; x_wconf 88' lang='lat' dir='ltr'><em>Geno—</em></span> 
     </span>
    </p>
   </div>
   <div class='ocr_carea' id='block_1_6' title="bbox 2290 507 3898 1775">
    <p class='ocr_par' dir='ltr' id='par_1_7' title="bbox 2290 507 3898 1775">
     <span class='ocr_line' id='line_1_23' title="bbox 2306 507 3898 584; baseline -0.008 -21"><span class='ocrx_word' id='word_1_144' title='bbox 2306 510 2568 574; x_wconf 81' lang='lat' dir='ltr'><em>amicum,</em></span> <span class='ocrx_word' id='word_1_145' title='bbox 2593 507 2699 563; x_wconf 87' lang='lat' dir='ltr'><em>sibi</em></span> <span class='ocrx_word' id='word_1_146' title='bbox 2726 508 3106 564; x_wconf 79' lang='lat' dir='ltr'><em>vehementius</em></span> <span class='ocrx_word' id='word_1_147' title='bbox 3149 509 3467 581; x_wconf 75' lang='lat' dir='ltr'><em>obstrepere</em></span> <span class='ocrx_word' id='word_1_148' title='bbox 3509 523 3562 570; x_wconf 89' lang='lat' dir='ltr'><em>et</em></span> <span class='ocrx_word' id='word_1_149' title='bbox 3591 518 3898 584; x_wconf 47' lang='lat' dir='ltr'><em>obluctata·</em></span> 
     </span>
     <span class='ocr_line' id='line_1_24' title="bbox 2304 577 3882 652; baseline 0.004 -13"><span class='ocrx_word' id='word_1_150' title='bbox 2304 599 2362 639; x_wconf 78' lang='lat' dir='ltr'><em>se</em></span> <span class='ocrx_word' id='word_1_151' title='bbox 2386 578 2634 648; x_wconf 79' lang='lat' dir='ltr'><em>purgavit</em></span> <span class='ocrx_word' id='word_1_152' title='bbox 2660 593 2757 646; x_wconf 87' lang='lat' dir='ltr'><em>per</em></span> <span class='ocrx_word' id='word_1_153' title='bbox 2786 577 3016 645; x_wconf 81' lang='lat' dir='ltr'><em>litteras,</em></span> <span class='ocrx_word' id='word_1_154' title='bbox 3036 580 3087 632; x_wconf 90' lang='lat' dir='ltr'><em>in</em></span> <span class='ocrx_word' id='word_1_155' title='bbox 3117 582 3313 650; x_wconf 83' lang='lat' dir='ltr'><em>quihus</em></span> <span class='ocrx_word' id='word_1_156' title='bbox 3338 584 3659 652; x_wconf 68' lang='lat' dir='ltr'><em>praeclarum</em></span> <span class='ocrx_word' id='word_1_157' title='bbox 3686 598 3744 643; x_wconf 84' lang='lat' dir='ltr'><em>ct</em></span> <span class='ocrx_word' id='word_1_158' title='bbox 3767 592 3882 650; x_wconf 68' lang='lat' dir='ltr'><em>exi-</em></span> 
     </span>
     <span class='ocr_line' id='line_1_25' title="bbox 2306 648 3890 720; baseline 0.003 -12"><span class='ocrx_word' id='word_1_159' title='bbox 2306 653 2471 707; x_wconf 89' lang='lat' dir='ltr'><em>mium</em></span> <span class='ocrx_word' id='word_1_160' title='bbox 2520 648 2789 716; x_wconf 78' lang='lat' dir='ltr'>quoddam</span> <span class='ocrx_word' id='word_1_161' title='bbox 2832 648 2954 703; x_wconf 70' lang='lat' dir='ltr'><em>vitre</em></span> <span class='ocrx_word' id='word_1_162' title='bbox 3000 649 3324 720; x_wconf 86' lang='lat' dir='ltr'><em>episcopalis</em></span> <span class='ocrx_word' id='word_1_163' title='bbox 3388 654 3665 720; x_wconf 76' lang='lat' dir='ltr'><em>specuium</em></span> <span class='ocrx_word' id='word_1_164' title='bbox 3710 663 3890 716; x_wconf 78' lang='lat' dir='ltr'><em>oculi·-</em></span> 
     </span>
     <span class='ocr_line' id='line_1_26' title="bbox 2302 718 3882 788; baseline 0.004 -13"><span class='ocrx_word' id='word_1_165' title='bbox 2302 720 2567 777; x_wconf 83' lang='lat' dir='ltr'><em>exhihuit.</em></span> <span class='ocrx_word' id='word_1_166' title='bbox 2597 718 2763 785; x_wconf 71' lang='lat' dir='ltr'><em>Huius</em></span> <span class='ocrx_word' id='word_1_167' title='bbox 2797 718 3039 788; x_wconf 59' lang='lat' dir='ltr'><em>epistolae</em></span> <span class='ocrx_word' id='word_1_168' title='bbox 3064 719 3171 777; x_wconf 71' lang='lat'><em>208</em></span> <span class='ocrx_word' id='word_1_169' title='bbox 3195 736 3407 776; x_wconf 81' lang='lat' dir='ltr'><em>sumina</em></span> <span class='ocrx_word' id='word_1_170' title='bbox 3442 734 3527 779; x_wconf 88' lang='lat' dir='ltr'><em>est</em></span> <span class='ocrx_word' id='word_1_171' title='bbox 3557 742 3572 778; x_wconf 72' lang='grc' dir='ltr'><strong><em>ε</em></strong></span> <span class='ocrx_word' id='word_1_172' title='bbox 3599 723 3882 788; x_wconf 71' lang='lat' dir='ltr'><em>Civitatem</em></span> 
     </span>
     <span class='ocr_line' id='line_1_27' title="bbox 2303 789 3892 864; baseline -0.001 -17"><span class='ocrx_word' id='word_1_173' title='bbox 2303 808 2427 846; x_wconf 86' lang='lat' dir='ltr'><em>raro</em></span> <span class='ocrx_word' id='word_1_174' title='bbox 2454 790 2716 853; x_wconf 77' lang='lat' dir='ltr'><em>eqretlior,</em></span> <span class='ocrx_word' id='word_1_175' title='bbox 2752 789 3016 856; x_wconf 75' lang='lat' dir='ltr'><em>reqnlares</em></span> <span class='ocrx_word' id='word_1_176' title='bbox 3046 789 3203 844; x_wconf 74' lang='lat' dir='ltr'><em>leorae</em></span> <span class='ocrx_word' id='word_1_177' title='bbox 3243 807 3361 845; x_wconf 81' lang='lat' dir='ltr'><em>curn</em></span> <span class='ocrx_word' id='word_1_178' title='bbox 3389 791 3509 848; x_wconf 76' lang='lat' dir='ltr'><em>aliis</em></span> <span class='ocrx_word' id='word_1_179' title='bbox 3535 808 3792 864; x_wconf 64' lang='lat' dir='ltr'><em>quantum</em></span> <span class='ocrx_word' id='word_1_180' title='bbox 3828 802 3892 855; x_wconf 75' lang='lat' dir='ltr'><em>&#39;i-</em></span> 
     </span>
     <span class='ocr_line' id='line_1_28' title="bbox 2301 856 3886 929; baseline 0.002 -13"><span class='ocrx_word' id='word_1_181' title='bbox 2301 872 2380 916; x_wconf 85' lang='lat' dir='ltr'><em>eet</em></span> <span class='ocrx_word' id='word_1_182' title='bbox 2429 861 2721 929; x_wconf 74' lang='lat' dir='ltr'><em>frequento.</em></span> <span class='ocrx_word' id='word_1_183' title='bbox 2761 856 3057 913; x_wconf 80' lang='lat' dir='ltr'><em>Secundum</em></span> <span class='ocrx_word' id='word_1_184' title='bbox 3088 861 3311 929; x_wconf 75' lang='lat' dir='ltr'><em>qratiam</em></span> <span class='ocrx_word' id='word_1_185' title='bbox 3354 864 3483 915; x_wconf 79' lang='lat' dir='ltr'><em>milii</em></span> <span class='ocrx_word' id='word_1_186' title='bbox 3509 866 3758 921; x_wconf 85' lang='lat' dir='ltr'><em>collatam</em></span> <span class='ocrx_word' id='word_1_187' title='bbox 3786 869 3886 925; x_wconf 74' lang='lat' dir='ltr'><em>Dei</em></span> 
     </span>
     <span class='ocr_line' id='line_1_29' title="bbox 2299 930 3884 995; baseline 0 -9"><span class='ocrx_word' id='word_1_188' title='bbox 2299 933 2509 986; x_wconf 68' lang='lat' dir='ltr'><em>verbum</em></span> <span class='ocrx_word' id='word_1_189' title='bbox 2561 930 2896 995; x_wconf 71' lang='lat' dir='ltr'><em>parochianis</em></span> <span class='ocrx_word' id='word_1_190' title='bbox 2943 930 3070 983; x_wconf 82' lang='lat' dir='ltr'><em>meis</em></span> <span class='ocrx_word' id='word_1_191' title='bbox 3117 932 3396 987; x_wconf 73' lang='lat' dir='ltr'><em>annuntio.</em></span> <span class='ocrx_word' id='word_1_192' title='bbox 3444 930 3644 989; x_wconf 78' lang='lat' dir='ltr'><em>Contra</em></span> <span class='ocrx_word' id='word_1_193' title='bbox 3695 953 3884 995; x_wconf 74' lang='lat' dir='ltr'><em>nouam</em></span> 
     </span>
     <span class='ocr_line' id='line_1_30' title="bbox 2299 1001 3879 1072; baseline 0.001 -20"><span class='ocrx_word' id='word_1_194' title='bbox 2299 1002 2538 1055; x_wconf 77' lang='lat' dir='ltr'><em>ltaeresim</em></span> <span class='ocrx_word' id='word_1_195' title='bbox 2586 1009 2875 1067; x_wconf 80' lang='lat' dir='ltr'><em>coeteraqne</em></span> <span class='ocrx_word' id='word_1_196' title='bbox 2909 1008 3143 1054; x_wconf 76' lang='lat' dir='ltr'><em>monstra</em></span> <span class='ocrx_word' id='word_1_197' title='bbox 3183 1001 3237 1052; x_wconf 81' lang='lat' dir='ltr'><em>id</em></span> <span class='ocrx_word' id='word_1_198' title='bbox 3269 1017 3431 1069; x_wconf 63' lang='lat' dir='ltr'><em>pertus</em></span> <span class='ocrx_word' id='word_1_199' title='bbox 3464 1020 3615 1072; x_wconf 76' lang='lat' dir='ltr'><em>posse</em></span> <span class='ocrx_word' id='word_1_200' title='bbox 3642 1023 3755 1062; x_wconf 68' lang='lat' dir='ltr'><em>mm</em></span> <span class='ocrx_word' id='word_1_201' title='bbox 3784 1012 3879 1064; x_wconf 59' lang='grc' dir='ltr'><em>ας-</em></span> 
     </span>
     <span class='ocr_line' id='line_1_31' title="bbox 2298 1069 3881 1138; baseline 0.004 -14"><span class='ocrx_word' id='word_1_202' title='bbox 2298 1073 2568 1133; x_wconf 75' lang='lat' dir='ltr'><em>clanmns,</em></span> <span class='ocrx_word' id='word_1_203' title='bbox 2599 1080 2846 1138; x_wconf 85' lang='lat' dir='ltr'><em>tanquam</em></span> <span class='ocrx_word' id='word_1_204' title='bbox 2879 1072 2949 1121; x_wconf 79' lang='lat' dir='ltr'><em>ad</em></span> <span class='ocrx_word' id='word_1_205' title='bbox 3000 1069 3190 1123; x_wconf 75' lang='lat' dir='ltr'><em>bestius</em></span> <span class='ocrx_word' id='word_1_206' title='bbox 3216 1072 3481 1138; x_wconf 71' lang='lat' dir='ltr'><em>tlepnqno.</em></span> <span class='ocrx_word' id='word_1_207' title='bbox 3535 1074 3881 1137; x_wconf 75' lang='lat' dir='ltr'><em>Sacramenta</em></span> 
     </span>
     <span class='ocr_line' id='line_1_32' title="bbox 2295 1138 3882 1210; baseline 0.002 -16"><span class='ocrx_word' id='word_1_208' title='bbox 2295 1157 2415 1210; x_wconf 70' lang='lat' dir='ltr'><em>quar</em></span> <span class='ocrx_word' id='word_1_209' title='bbox 2446 1140 2615 1209; x_wconf 71' lang='lat' dir='ltr'><em>qratia</em></span> <span class='ocrx_word' id='word_1_210' title='bbox 2658 1142 2854 1205; x_wconf 77' lang='lat' dir='ltr'><em>accepi,</em></span> <span class='ocrx_word' id='word_1_211' title='bbox 2897 1140 3064 1207; x_wconf 71' lang='lat' dir='ltr'><em>qratia</em></span> <span class='ocrx_word' id='word_1_212' title='bbox 3115 1138 3407 1208; x_wconf 83' lang='lat' dir='ltr'><em>impertior.</em></span> <span class='ocrx_word' id='word_1_213' title='bbox 3438 1141 3633 1198; x_wconf 69' lang='lat' dir='ltr'><em>Manus</em></span> <span class='ocrx_word' id='word_1_214' title='bbox 3666 1164 3807 1204; x_wconf 68' lang='lat' dir='ltr'><em>niteas</em></span> <span class='ocrx_word' id='word_1_215' title='bbox 3831 1152 3882 1207; x_wconf 67' lang='grc' dir='ltr'><em>η·</em></span> 
     </span>
     <span class='ocr_line' id='line_1_33' title="bbox 2298 1207 3880 1281; baseline -0.002 -16"><span class='ocrx_word' id='word_1_216' title='bbox 2298 1226 2401 1264; x_wconf 84' lang='lat' dir='ltr'><em>non</em></span> <span class='ocrx_word' id='word_1_217' title='bbox 2428 1212 2493 1261; x_wconf 75' lang='lat' dir='ltr'><em>al&gt;</em></span> <span class='ocrx_word' id='word_1_218' title='bbox 2524 1207 2664 1261; x_wconf 79' lang='lat' dir='ltr'><em>oinni</em></span> <span class='ocrx_word' id='word_1_219' title='bbox 2693 1224 2928 1270; x_wconf 83' lang='lat' dir='ltr'><em>munere.</em></span> <span class='ocrx_word' id='word_1_220' title='bbox 2957 1209 3142 1263; x_wconf 76' lang='lat' dir='ltr'><em>saltent</em></span> <span class='ocrx_word' id='word_1_221' title='bbox 3166 1210 3231 1262; x_wconf 80' lang='lat' dir='ltr'><em>ab</em></span> <span class='ocrx_word' id='word_1_222' title='bbox 3263 1210 3447 1265; x_wconf 82' lang='lat' dir='ltr'><em>illicito</em></span> <span class='ocrx_word' id='word_1_223' title='bbox 3490 1228 3693 1281; x_wconf 76' lang='lat' dir='ltr'><em>semper</em></span> <span class='ocrx_word' id='word_1_224' title='bbox 3719 1233 3880 1275; x_wconf 77' lang='lat' dir='ltr'><em>exon-</em></span> 
     </span>
     <span class='ocr_line' id='line_1_34' title="bbox 2295 1277 3878 1353; baseline 0.003 -19"><span class='ocrx_word' id='word_1_225' title='bbox 2295 1281 2390 1334; x_wconf 85' lang='lat' dir='ltr'><em>tio.</em></span> <span class='ocrx_word' id='word_1_226' title='bbox 2433 1277 2770 1333; x_wconf 70' lang='lat' dir='ltr'><em>Venientibus</em></span> <span class='ocrx_word' id='word_1_227' title='bbox 2806 1280 2876 1331; x_wconf 84' lang='lat' dir='ltr'><em>ad</em></span> <span class='ocrx_word' id='word_1_228' title='bbox 2909 1294 2990 1331; x_wconf 85' lang='lat' dir='ltr'><em>nte</em></span> <span class='ocrx_word' id='word_1_229' title='bbox 3019 1279 3073 1332; x_wconf 89' lang='lat' dir='ltr'><em>in</em></span> <span class='ocrx_word' id='word_1_230' title='bbox 3121 1279 3450 1348; x_wconf 77' lang='lat' dir='ltr'><em>consessione</em></span> <span class='ocrx_word' id='word_1_231' title='bbox 3494 1286 3794 1353; x_wconf 72' lang='lat' dir='ltr'><em>consilium,</em></span> <span class='ocrx_word' id='word_1_232' title='bbox 3821 1292 3878 1346; x_wconf 75' lang='lat' dir='ltr'><em>iu</em></span> 
     </span>
     <span class='ocr_line' id='line_1_35' title="bbox 2293 1348 3878 1428; baseline 0.006 -24"><span class='ocrx_word' id='word_1_233' title='bbox 2293 1348 2597 1419; x_wconf 85' lang='lat' dir='ltr'><em>poenitentia</em></span> <span class='ocrx_word' id='word_1_234' title='bbox 2626 1348 2933 1408; x_wconf 84' lang='lat' dir='ltr'><em>remedium,</em></span> <span class='ocrx_word' id='word_1_235' title='bbox 2960 1349 3013 1402; x_wconf 86' lang='lat' dir='ltr'><em>in</em></span> <span class='ocrx_word' id='word_1_236' title='bbox 3034 1349 3379 1403; x_wconf 79' lang='lat' dir='ltr'><em>tribulatione</em></span> <span class='ocrx_word' id='word_1_237' title='bbox 3419 1350 3670 1409; x_wconf 78' lang='lat' dir='ltr'><em>solatium</em></span> <span class='ocrx_word' id='word_1_238' title='bbox 3701 1374 3878 1428; x_wconf 81' lang='lat' dir='ltr'><em>qnan-</em></span> 
     </span>
     <span class='ocr_line' id='line_1_36' title="bbox 2294 1418 3880 1487; baseline 0.001 -15"><span class='ocrx_word' id='word_1_239' title='bbox 2294 1429 2405 1474; x_wconf 80' lang='lat' dir='ltr'><em>tum</em></span> <span class='ocrx_word' id='word_1_240' title='bbox 2452 1419 2713 1474; x_wconf 80' lang='lat' dir='ltr'><em>Dominus</em></span> <span class='ocrx_word' id='word_1_241' title='bbox 2763 1418 3017 1487; x_wconf 79' lang='lat' dir='ltr'><em>permittit</em></span> <span class='ocrx_word' id='word_1_242' title='bbox 3066 1418 3303 1473; x_wconf 71' lang='lat' dir='ltr'><em>exhibeo.</em></span> <span class='ocrx_word' id='word_1_243' title='bbox 3343 1418 3508 1474; x_wconf 78' lang='lat' dir='ltr'><em>Horis</em></span> <span class='ocrx_word' id='word_1_244' title='bbox 3553 1433 3730 1483; x_wconf 69' lang='lat' dir='ltr'><em>varenis</em></span> <span class='ocrx_word' id='word_1_245' title='bbox 3763 1438 3817 1483; x_wconf 76' lang='lat' dir='ltr'><em>ee</em></span> <span class='ocrx_word' id='word_1_246' title='bbox 3845 1445 3880 1485; x_wconf 67' lang='lat' dir='ltr'><em>a</em></span> 
     </span>
     <span class='ocr_line' id='line_1_37' title="bbox 2294 1488 3878 1564; baseline 0.005 -21"><span class='ocrx_word' id='word_1_247' title='bbox 2294 1488 2411 1557; x_wconf 75' lang='lat' dir='ltr'><em>[oro</em></span> <span class='ocrx_word' id='word_1_248' title='bbox 2437 1489 2665 1558; x_wconf 77' lang='lat' dir='ltr'><em>seriatis.</em></span> <span class='ocrx_word' id='word_1_249' title='bbox 2696 1489 2753 1542; x_wconf 89' lang='lat' dir='ltr'><em>in</em></span> <span class='ocrx_word' id='word_1_250' title='bbox 2780 1489 2894 1542; x_wconf 85' lang='lat' dir='ltr'><em>loco</em></span> <span class='ocrx_word' id='word_1_251' title='bbox 2916 1488 2987 1541; x_wconf 80' lang='lat' dir='ltr'><em>ad</em></span> <span class='ocrx_word' id='word_1_252' title='bbox 3022 1490 3119 1542; x_wconf 79' lang='lat' dir='ltr'><em>hoc</em></span> <span class='ocrx_word' id='word_1_253' title='bbox 3142 1488 3350 1555; x_wconf 81' lang='lat' dir='ltr'><em>idoneo,</em></span> <span class='ocrx_word' id='word_1_254' title='bbox 3383 1506 3551 1545; x_wconf 71' lang='lat' dir='ltr'><em>accerse</em></span> <span class='ocrx_word' id='word_1_255' title='bbox 3586 1493 3878 1564; x_wconf 72' lang='lat' dir='ltr'><em>Scripturas</em></span> 
     </span>
     <span class='ocr_line' id='line_1_38' title="bbox 2292 1558 3878 1630; baseline 0.004 -19"><span class='ocrx_word' id='word_1_256' title='bbox 2292 1559 2527 1624; x_wconf 81' lang='lat' dir='ltr'><em>intendo,</em></span> <span class='ocrx_word' id='word_1_257' title='bbox 2560 1558 2735 1628; x_wconf 67' lang='lat' dir='ltr'><em>legens</em></span> <span class='ocrx_word' id='word_1_258' title='bbox 2780 1566 2829 1611; x_wconf 91' lang='lat' dir='ltr'><em>et</em></span> <span class='ocrx_word' id='word_1_259' title='bbox 2863 1559 3159 1625; x_wconf 79' lang='lat' dir='ltr'><em>ruminans,</em></span> <span class='ocrx_word' id='word_1_260' title='bbox 3184 1575 3303 1627; x_wconf 74' lang='lat' dir='ltr'><em>quw</em></span> <span class='ocrx_word' id='word_1_261' title='bbox 3340 1572 3455 1630; x_wconf 81' lang='lat' dir='ltr'><em>post</em></span> <span class='ocrx_word' id='word_1_262' title='bbox 3485 1560 3759 1622; x_wconf 70' lang='lat' dir='ltr'><em>lectionem</em></span> <span class='ocrx_word' id='word_1_263' title='bbox 3785 1572 3878 1624; x_wconf 82' lang='lat' dir='ltr'><em>de-</em></span> 
     </span>
     <span class='ocr_line' id='line_1_39' title="bbox 2290 1628 3875 1701; baseline 0.003 -17"><span class='ocrx_word' id='word_1_264' title='bbox 2290 1645 2477 1699; x_wconf 83' lang='lat' dir='ltr'><em>coqno,</em></span> <span class='ocrx_word' id='word_1_265' title='bbox 2520 1639 2567 1683; x_wconf 93' lang='lat' dir='ltr'><em>et</em></span> <span class='ocrx_word' id='word_1_266' title='bbox 2606 1628 2677 1682; x_wconf 82' lang='lat' dir='ltr'><em>ati</em></span> <span class='ocrx_word' id='word_1_267' title='bbox 2724 1629 2991 1682; x_wconf 67' lang='lat' dir='ltr'><em>memoria!</em></span> <span class='ocrx_word' id='word_1_268' title='bbox 3019 1628 3264 1683; x_wconf 82' lang='lat' dir='ltr'><em>cellulam</em></span> <span class='ocrx_word' id='word_1_269' title='bbox 3307 1631 3543 1701; x_wconf 82' lang='lat' dir='ltr'><em>trajicio.</em></span> <span class='ocrx_word' id='word_1_270' title='bbox 3596 1632 3662 1688; x_wconf 89' lang='lat' dir='ltr'><em>ln</em></span> <span class='ocrx_word' id='word_1_271' title='bbox 3695 1654 3875 1694; x_wconf 75' lang='lat' dir='ltr'><em>ntenm</em></span> 
     </span>
     <span class='ocr_line' id='line_1_40' title="bbox 2291 1698 3873 1775; baseline 0.006 -22"><span class='ocrx_word' id='word_1_272' title='bbox 2291 1714 2386 1753; x_wconf 87' lang='lat' dir='ltr'><em>nec</em></span> <span class='ocrx_word' id='word_1_273' title='bbox 2412 1698 2688 1755; x_wconf 68' lang='lat' dir='ltr'><em>solitariae</em></span> <span class='ocrx_word' id='word_1_274' title='bbox 2718 1714 2810 1752; x_wconf 86' lang='lat' dir='ltr'><em>nec</em></span> <span class='ocrx_word' id='word_1_275' title='bbox 2848 1700 3102 1752; x_wconf 75' lang='lat' dir='ltr'><em>obscurus</em></span> <span class='ocrx_word' id='word_1_276' title='bbox 3130 1715 3241 1754; x_wconf 78' lang='lat' dir='ltr'><em>esse</em></span> <span class='ocrx_word' id='word_1_277' title='bbox 3272 1702 3407 1764; x_wconf 65' lang='lat' dir='ltr'><em>rofo.</em></span> <span class='ocrx_word' id='word_1_278' title='bbox 3438 1704 3493 1756; x_wconf 88' lang='lat' dir='ltr'><em>in</em></span> <span class='ocrx_word' id='word_1_279' title='bbox 3518 1718 3624 1773; x_wconf 73' lang='lat' dir='ltr'><em>qna</em></span> <span class='ocrx_word' id='word_1_280' title='bbox 3660 1706 3873 1775; x_wconf 73' lang='lat' dir='ltr'><em>[acilius</em></span> 
     </span>
    </p>
   </div>
   <div class='ocr_carea' id='block_1_7' title="bbox 614 1769 3873 1846">
    <p class='ocr_par' dir='ltr' id='par_1_8' title="bbox 614 1769 3873 1846">
     <span class='ocr_line' id='line_1_41' title="bbox 614 1769 3873 1846; baseline 0.004 -25"><span class='ocrx_word' id='word_1_281' title='bbox 614 1773 760 1827; x_wconf 70' lang='lat' dir='ltr'><em>verm</em></span> <span class='ocrx_word' id='word_1_282' title='bbox 819 1773 1146 1829; x_wconf 67' lang='lat' dir='ltr'><em>parisiensis</em></span> <span class='ocrx_word' id='word_1_283' title='bbox 1178 1774 1392 1843; x_wconf 73' lang='lat' dir='ltr'><em>iactura</em></span> <span class='ocrx_word' id='word_1_284' title='bbox 1439 1778 1572 1832; x_wconf 86' lang='lat' dir='ltr'><em>tanti</em></span> <span class='ocrx_word' id='word_1_285' title='bbox 1623 1779 1724 1831; x_wconf 81' lang='lat' dir='ltr'><em>viri</em></span> <span class='ocrx_word' id='word_1_286' title='bbox 1796 1773 2060 1840; x_wconf 85' lang='lat' dir='ltr'><em>attulerit,</em></span> <span class='ocrx_word' id='word_1_287' title='bbox 2092 1775 2187 1846; x_wconf 60' lang='lat' dir='ltr'><em>qo</em></span> <span class='ocrx_word' id='word_1_288' title='bbox 2216 1787 2259 1842; x_wconf 91' lang='lat' dir='ltr'>B</span> <span class='ocrx_word' id='word_1_289' title='bbox 2288 1778 2363 1823; x_wconf 72' lang='lat' dir='ltr'><em>est</em></span> <span class='ocrx_word' id='word_1_290' title='bbox 2396 1781 2451 1825; x_wconf 84' lang='lat' dir='ltr'><em>ut</em></span> <span class='ocrx_word' id='word_1_291' title='bbox 2478 1769 2895 1837; x_wconf 70' lang='lat' dir='ltr'><em>superfluitatem</em></span> <span class='ocrx_word' id='word_1_292' title='bbox 2922 1780 3128 1822; x_wconf 78' lang='lat' dir='ltr'><em>accuset</em></span> <span class='ocrx_word' id='word_1_293' title='bbox 3161 1780 3370 1833; x_wconf 73' lang='lat' dir='ltr'><em>natura,</em></span> <span class='ocrx_word' id='word_1_294' title='bbox 3398 1788 3557 1842; x_wconf 84' lang='lat' dir='ltr'><em>qvam</em></span> <span class='ocrx_word' id='word_1_295' title='bbox 3588 1778 3873 1835; x_wconf 74' lang='lat' dir='ltr'><em>curiositas</em></span> 
     </span>
    </p>
   </div>
   <div class='ocr_carea' id='block_1_8' title="bbox 595 1844 2184 3110">
    <p class='ocr_par' dir='ltr' id='par_1_9' title="bbox 596 1844 2184 2739">
     <span class='ocr_line' id='line_1_42' title="bbox 613 1844 2181 1915; baseline 0.004 -22"><span class='ocrx_word' id='word_1_296' title='bbox 613 1850 731 1896; x_wconf 85' lang='lat' dir='ltr'><em>tarn</em></span> <span class='ocrx_word' id='word_1_297' title='bbox 801 1844 1074 1898; x_wconf 81' lang='lat' dir='ltr'><em>moderate</em></span> <span class='ocrx_word' id='word_1_298' title='bbox 1122 1854 1176 1900; x_wconf 88' lang='lat' dir='ltr'><em>et</em></span> <span class='ocrx_word' id='word_1_299' title='bbox 1216 1849 1516 1914; x_wconf 80' lang='lat' dir='ltr'><em>prudenter</em></span> <span class='ocrx_word' id='word_1_300' title='bbox 1560 1845 1868 1915; x_wconf 82' lang='lat' dir='ltr'><em>quindecim</em></span> <span class='ocrx_word' id='word_1_301' title='bbox 1916 1860 2181 1900; x_wconf 90' lang='lat' dir='ltr'><em>annornm</em></span> 
     </span>
     <span class='ocr_line' id='line_1_43' title="bbox 607 1914 2181 1982; baseline 0.003 -16"><span class='ocrx_word' id='word_1_302' title='bbox 607 1914 794 1982; x_wconf 82' lang='lat' dir='ltr'><em>spatio</em></span> <span class='ocrx_word' id='word_1_303' title='bbox 821 1915 1012 1968; x_wconf 70' lang='lat' dir='ltr'><em>«loturus</em></span> <span class='ocrx_word' id='word_1_304' title='bbox 1051 1930 1238 1970; x_wconf 85' lang='lat' dir='ltr'><em>curam</em></span> <span class='ocrx_word' id='word_1_305' title='bbox 1273 1916 1555 1973; x_wconf 75' lang='lat' dir='ltr'><em>habuerat.</em></span> <span class='ocrx_word' id='word_1_306' title='bbox 1585 1916 1944 1972; x_wconf 68' lang='lat' dir='ltr'><em>NIhilomiuus</em></span> <span class='ocrx_word' id='word_1_307' title='bbox 1975 1916 2027 1969; x_wconf 92' lang='lat' dir='ltr'><em>id</em></span> <span class='ocrx_word' id='word_1_308' title='bbox 2057 1917 2181 1972; x_wconf 89' lang='lat' dir='ltr'><em>mali</em></span> 
     </span>
     <span class='ocr_line' id='line_1_44' title="bbox 608 1981 2184 2049; baseline 0.003 -13"><span class='ocrx_word' id='word_1_309' title='bbox 608 1981 895 2038; x_wconf 73' lang='lat' dir='ltr'><em>serendum</em></span> <span class='ocrx_word' id='word_1_310' title='bbox 941 1983 1063 2049; x_wconf 79' lang='lat' dir='ltr'><em>suit,</em></span> <span class='ocrx_word' id='word_1_311' title='bbox 1090 1985 1249 2041; x_wconf 89' lang='lat' dir='ltr'><em>simul</em></span> <span class='ocrx_word' id='word_1_312' title='bbox 1294 2003 1358 2042; x_wconf 90' lang='lat' dir='ltr'><em>ne</em></span> <span class='ocrx_word' id='word_1_313' title='bbox 1389 1988 1509 2042; x_wconf 84' lang='lat' dir='ltr'><em>novi</em></span> <span class='ocrx_word' id='word_1_314' title='bbox 1541 1987 1754 2043; x_wconf 89' lang='lat' dir='ltr'><em>abbatis</em></span> <span class='ocrx_word' id='word_1_315' title='bbox 1793 1986 2040 2041; x_wconf 66' lang='lat' dir='ltr'><em>electioni</em></span> <span class='ocrx_word' id='word_1_316' title='bbox 2072 2003 2184 2041; x_wconf 77' lang='lat' dir='ltr'><em>rita·</em></span> 
     </span>
     <span class='ocr_line' id='line_1_45' title="bbox 604 2054 2180 2126; baseline 0.002 -19"><span class='ocrx_word' id='word_1_317' title='bbox 604 2059 738 2108; x_wconf 78' lang='lat' dir='ltr'><em>ture</em></span> <span class='ocrx_word' id='word_1_318' title='bbox 786 2054 1201 2123; x_wconf 82' lang='lat' dir='ltr'><em>providendum.</em></span> <span class='ocrx_word' id='word_1_319' title='bbox 1295 2058 1462 2113; x_wconf 85' lang='lat' dir='ltr'><em>ecidit</em></span> <span class='ocrx_word' id='word_1_320' title='bbox 1510 2073 1628 2114; x_wconf 88' lang='lat' dir='ltr'><em>sors</em></span> <span class='ocrx_word' id='word_1_321' title='bbox 1680 2072 1845 2126; x_wconf 91' lang='lat' dir='ltr'><em>super</em></span> <span class='ocrx_word' id='word_1_322' title='bbox 1893 2056 2180 2125; x_wconf 83' lang='lat' dir='ltr'><em>Joannem,</em></span> 
     </span>
     <span class='ocr_line' id='line_1_46' title="bbox 605 2124 2180 2198; baseline 0.006 -24"><span class='ocrx_word' id='word_1_323' title='bbox 605 2124 840 2190; x_wconf 86' lang='lat' dir='ltr'><em>quinon</em></span> <span class='ocrx_word' id='word_1_324' title='bbox 870 2135 980 2179; x_wconf 84' lang='lat' dir='ltr'><em>tam</em></span> <span class='ocrx_word' id='word_1_325' title='bbox 1013 2135 1176 2181; x_wconf 84' lang='lat' dir='ltr'><em>aetate</em></span> <span class='ocrx_word' id='word_1_326' title='bbox 1215 2143 1380 2198; x_wconf 86' lang='lat' dir='ltr'><em>quam</em></span> <span class='ocrx_word' id='word_1_327' title='bbox 1421 2130 1664 2186; x_wconf 86' lang='lat' dir='ltr'><em>moribus</em></span> <span class='ocrx_word' id='word_1_328' title='bbox 1710 2138 2000 2197; x_wconf 82' lang='lat' dir='ltr'><em>provectus</em></span> <span class='ocrx_word' id='word_1_329' title='bbox 2031 2128 2180 2183; x_wconf 80' lang='lat' dir='ltr'><em>vide·</em></span> 
     </span>
     <span class='ocr_line' id='line_1_47' title="bbox 602 2192 2178 2268; baseline 0.003 -21"><span class='ocrx_word' id='word_1_330' title='bbox 602 2192 794 2248; x_wconf 81' lang='lat' dir='ltr'><em>batur.</em></span> <span class='ocrx_word' id='word_1_331' title='bbox 837 2193 989 2250; x_wconf 81' lang='lat' dir='ltr'><em>llunc</em></span> <span class='ocrx_word' id='word_1_332' title='bbox 1040 2195 1346 2265; x_wconf 73' lang='lat' dir='ltr'><em>Stephanus</em></span> <span class='ocrx_word' id='word_1_333' title='bbox 1387 2198 1452 2252; x_wconf 91' lang='lat' dir='ltr'><em>ad</em></span> <span class='ocrx_word' id='word_1_334' title='bbox 1495 2199 1806 2268; x_wconf 86' lang='lat' dir='ltr'><em>episcopum</em></span> <span class='ocrx_word' id='word_1_335' title='bbox 1850 2196 2178 2254; x_wconf 83' lang='lat' dir='ltr'><em>Meldensem</em></span> 
     </span>
     <span class='ocr_line' id='line_1_48' title="bbox 604 2264 2180 2324; baseline 0.006 -9"><span class='ocrx_word' id='word_1_336' title='bbox 604 2264 767 2317; x_wconf 73' lang='lat' dir='ltr'><em>«luxit</em></span> <span class='ocrx_word' id='word_1_337' title='bbox 805 2265 1198 2322; x_wconf 79' lang='lat' dir='ltr'><em>benedictionis</em></span> <span class='ocrx_word' id='word_1_338' title='bbox 1226 2270 1569 2324; x_wconf 67' lang='lat' dir='ltr'><em>caeremoniis</em></span> <span class='ocrx_word' id='word_1_339' title='bbox 1599 2268 1919 2323; x_wconf 88' lang='lat' dir='ltr'><em>initiandum</em></span> <span class='ocrx_word' id='word_1_340' title='bbox 1953 2268 2041 2323; x_wconf 90' lang='lat' dir='ltr'><em>die</em></span> <span class='ocrx_word' id='word_1_341' title='bbox 2076 2269 2180 2324; x_wconf 89' lang='lat' dir='ltr'><em>Do·</em></span> 
     </span>
     <span class='ocr_line' id='line_1_49' title="bbox 602 2332 2179 2407; baseline 0.005 -24"><span class='ocrx_word' id='word_1_342' title='bbox 602 2335 811 2389; x_wconf 85' lang='lat' dir='ltr'><em>minica</em></span> <span class='ocrx_word' id='word_1_343' title='bbox 850 2332 1184 2400; x_wconf 70' lang='lat' dir='ltr'><em>palmarum.</em></span> <span class='ocrx_word' id='word_1_344' title='bbox 1231 2353 1393 2407; x_wconf 87' lang='lat' dir='ltr'><em>quem</em></span> <span class='ocrx_word' id='word_1_345' title='bbox 1441 2340 1635 2394; x_wconf 87' lang='lat' dir='ltr'><em>deinde</em></span> <span class='ocrx_word' id='word_1_346' title='bbox 1694 2337 1967 2392; x_wconf 77' lang='lat' dir='ltr'><em>Lutetiam</em></span> <span class='ocrx_word' id='word_1_347' title='bbox 1999 2352 2179 2394; x_wconf 89' lang='lat' dir='ltr'><em>rever·</em></span> 
     </span>
     <span class='ocr_line' id='line_1_50' title="bbox 601 2405 2180 2476; baseline 0.006 -21"><span class='ocrx_word' id='word_1_348' title='bbox 601 2417 753 2470; x_wconf 88' lang='lat' dir='ltr'><em>sum,</em></span> <span class='ocrx_word' id='word_1_349' title='bbox 807 2406 1135 2459; x_wconf 83' lang='lat' dir='ltr'><em>monasterio</em></span> <span class='ocrx_word' id='word_1_350' title='bbox 1181 2405 1391 2463; x_wconf 74' lang='lat' dir='ltr'><em>Sanctae</em></span> <span class='ocrx_word' id='word_1_351' title='bbox 1443 2409 1736 2464; x_wconf 80' lang='lat' dir='ltr'><em>Genoreioe</em></span> <span class='ocrx_word' id='word_1_352' title='bbox 1781 2408 2053 2476; x_wconf 78' lang='lat' dir='ltr'><em>praet‘eeit,</em></span> <span class='ocrx_word' id='word_1_353' title='bbox 2114 2423 2180 2464; x_wconf 86' lang='lat' dir='ltr'><em>ac</em></span> 
     </span>
     <span class='ocr_line' id='line_1_51' title="bbox 600 2473 2180 2547; baseline 0.004 -23"><span class='ocrx_word' id='word_1_354' title='bbox 600 2473 862 2529; x_wconf 56' lang='lat' dir='ltr'><em>salutatis·</em></span> <span class='ocrx_word' id='word_1_355' title='bbox 894 2474 1143 2530; x_wconf 85' lang='lat' dir='ltr'><em>ultimum</em></span> <span class='ocrx_word' id='word_1_356' title='bbox 1172 2479 1284 2532; x_wconf 87' lang='lat' dir='ltr'><em>suis</em></span> <span class='ocrx_word' id='word_1_357' title='bbox 1325 2478 1615 2547; x_wconf 70' lang='lat' dir='ltr'><em>religiosis,</em></span> <span class='ocrx_word' id='word_1_358' title='bbox 1646 2491 1945 2546; x_wconf 80' lang='lat' dir='ltr'><em>secumque</em></span> <span class='ocrx_word' id='word_1_359' title='bbox 1967 2492 2180 2532; x_wconf 89' lang='lat' dir='ltr'><em>assum·</em></span> 
     </span>
     <span class='ocr_line' id='line_1_52' title="bbox 599 2543 2177 2624; baseline 0.004 -28"><span class='ocrx_word' id='word_1_360' title='bbox 599 2543 714 2624; x_wconf 82' lang='lat' dir='ltr'><em>ptis</em></span> <span class='ocrx_word' id='word_1_361' title='bbox 758 2544 1004 2609; x_wconf 86' lang='lat' dir='ltr'><em>dnobus,</em></span> <span class='ocrx_word' id='word_1_362' title='bbox 1051 2544 1295 2603; x_wconf 79' lang='lat' dir='ltr'><em>Gerardo</em></span> <span class='ocrx_word' id='word_1_363' title='bbox 1343 2561 1397 2604; x_wconf 90' lang='lat' dir='ltr'><em>et</em></span> <span class='ocrx_word' id='word_1_364' title='bbox 1446 2549 1702 2605; x_wconf 81' lang='lat' dir='ltr'><em>Marcello</em></span> <span class='ocrx_word' id='word_1_365' title='bbox 1751 2550 1979 2614; x_wconf 82' lang='lat' dir='ltr'><em>scilicet,</em></span> <span class='ocrx_word' id='word_1_366' title='bbox 2037 2548 2177 2603; x_wconf 74' lang='lat' dir='ltr'><em>viam</em></span> 
     </span>
     <span class='ocr_line' id='line_1_53' title="bbox 596 2614 2180 2737; baseline 0.006 -74"><span class='ocrx_word' id='word_1_367' title='bbox 596 2628 885 2737; x_wconf 59' lang='lat' dir='ltr'><em>Lugressus</em></span> <span class='ocrx_word' id='word_1_368' title='bbox 911 2626 993 2671; x_wconf 90' lang='lat' dir='ltr'><em>est</em></span> <span class='ocrx_word' id='word_1_369' title='bbox 1030 2625 1089 2671; x_wconf 92' lang='lat' dir='ltr'><em>ut</em></span> <span class='ocrx_word' id='word_1_370' title='bbox 1117 2614 1349 2674; x_wconf 84' lang='lat' dir='ltr'><em>Tornaci</em></span> <span class='ocrx_word' id='word_1_371' title='bbox 1400 2619 1665 2675; x_wconf 89' lang='lat' dir='ltr'><em>solemnia</em></span> <span class='ocrx_word' id='word_1_372' title='bbox 1713 2618 1997 2675; x_wconf 87' lang='lat' dir='ltr'><em>Paschatis</em></span> <span class='ocrx_word' id='word_1_373' title='bbox 2035 2618 2180 2673; x_wconf 89' lang='lat' dir='ltr'><em>cele·</em></span> 
     </span>
     <span class='ocr_line' id='line_1_54' title="bbox 642 2692 809 2739; baseline 0.03 -4"><span class='ocrx_word' id='word_1_374' title='bbox 642 2692 809 2739; x_wconf 82' lang='lat' dir='ltr'><em>raret.</em></span> 
     </span>
    </p>

    <p class='ocr_par' dir='ltr' id='par_1_10' title="bbox 595 2753 2177 3110">
     <span class='ocr_line' id='line_1_55' title="bbox 683 2753 2176 2830; baseline 0.005 -24"><span class='ocrx_word' id='word_1_375' title='bbox 683 2753 768 2807; x_wconf 73' lang='lat' dir='ltr'><em>Ab</em></span> <span class='ocrx_word' id='word_1_376' title='bbox 817 2756 1227 2830; x_wconf 66' lang='lat' dir='ltr'><em>archiepisc-opo</em></span> <span class='ocrx_word' id='word_1_377' title='bbox 1255 2756 1508 2814; x_wconf 67' lang='lat' dir='ltr'><em>[ternensi</em></span> <span class='ocrx_word' id='word_1_378' title='bbox 1537 2760 1754 2816; x_wconf 90' lang='lat' dir='ltr'><em>domino</em></span> <span class='ocrx_word' id='word_1_379' title='bbox 1782 2774 1883 2814; x_wconf 80' lang='lat' dir='ltr'><em>suo</em></span> <span class='ocrx_word' id='word_1_380' title='bbox 1914 2766 1968 2813; x_wconf 87' lang='lat' dir='ltr'><em>et</em></span> <span class='ocrx_word' id='word_1_381' title='bbox 1999 2758 2176 2814; x_wconf 88' lang='lat' dir='ltr'><em>amico</em></span> 
     </span>
     <span class='ocr_line' id='line_1_56' title="bbox 595 2826 2177 2900; baseline 0.007 -25"><span class='ocrx_word' id='word_1_382' title='bbox 595 2826 1033 2882; x_wconf 73' lang='lat' dir='ltr'><em>consecrationis</em></span> <span class='ocrx_word' id='word_1_383' title='bbox 1077 2844 1271 2884; x_wconf 89' lang='lat' dir='ltr'><em>munus</em></span> <span class='ocrx_word' id='word_1_384' title='bbox 1321 2831 1571 2898; x_wconf 77' lang='lat' dir='ltr'><em>acecpitt</em></span> <span class='ocrx_word' id='word_1_385' title='bbox 1613 2839 1726 2885; x_wconf 89' lang='lat' dir='ltr'><em>tum</em></span> <span class='ocrx_word' id='word_1_386' title='bbox 1776 2829 1926 2900; x_wconf 82' lang='lat' dir='ltr'><em>uperi</em></span> <span class='ocrx_word' id='word_1_387' title='bbox 1976 2830 2177 2886; x_wconf 81' lang='lat' dir='ltr'><em>incunt.-</em></span> 
     </span>
     <span class='ocr_line' id='line_1_57' title="bbox 596 2891 2177 2970; baseline 0.008 -27"><span class='ocrx_word' id='word_1_388' title='bbox 596 2891 759 2959; x_wconf 81' lang='lat' dir='ltr'><em>bens.</em></span> <span class='ocrx_word' id='word_1_389' title='bbox 801 2898 986 2951; x_wconf 86' lang='lat' dir='ltr'><em>statim</em></span> <span class='ocrx_word' id='word_1_390' title='bbox 1031 2898 1177 2955; x_wconf 89' lang='lat' dir='ltr'><em>clero</em></span> <span class='ocrx_word' id='word_1_391' title='bbox 1209 2907 1316 2953; x_wconf 89' lang='lat' dir='ltr'><em>tam</em></span> <span class='ocrx_word' id='word_1_392' title='bbox 1365 2899 1594 2969; x_wconf 77' lang='lat' dir='ltr'><em>regulari</em></span> <span class='ocrx_word' id='word_1_393' title='bbox 1623 2916 1784 2970; x_wconf 86' lang='lat' dir='ltr'><em>qnam</em></span> <span class='ocrx_word' id='word_1_394' title='bbox 1817 2899 2062 2956; x_wconf 78' lang='lat' dir='ltr'><em>saeculari</em></span> <span class='ocrx_word' id='word_1_395' title='bbox 2092 2916 2177 2956; x_wconf 88' lang='lat' dir='ltr'><em>re·</em></span> 
     </span>
     <span class='ocr_line' id='line_1_58' title="bbox 595 2963 2175 3040; baseline 0.002 -21"><span class='ocrx_word' id='word_1_396' title='bbox 595 2963 889 3021; x_wconf 73' lang='lat' dir='ltr'><em>formando</em></span> <span class='ocrx_word' id='word_1_397' title='bbox 919 2976 1059 3023; x_wconf 75' lang='lat' dir='ltr'><em>tutus</em></span> <span class='ocrx_word' id='word_1_398' title='bbox 1083 2967 1200 3025; x_wconf 84' lang='lat' dir='ltr'><em>suit.</em></span> <span class='ocrx_word' id='word_1_399' title='bbox 1222 2969 1316 3025; x_wconf 80' lang='lat' dir='ltr'><em>llis</em></span> <span class='ocrx_word' id='word_1_400' title='bbox 1339 2968 1406 3023; x_wconf 88' lang='lat' dir='ltr'><em>de</em></span> <span class='ocrx_word' id='word_1_401' title='bbox 1427 2972 1604 3025; x_wconf 87' lang='lat' dir='ltr'><em>causis</em></span> <span class='ocrx_word' id='word_1_402' title='bbox 1629 2979 1922 3026; x_wconf 77' lang='lat' dir='ltr'><em>convocata</em></span> <span class='ocrx_word' id='word_1_403' title='bbox 1946 2971 2175 3040; x_wconf 77' lang='lat' dir='ltr'><em>synodo,</em></span> 
     </span>
     <span class='ocr_line' id='line_1_59' title="bbox 596 3035 2176 3110; baseline 0.005 -23"><span class='ocrx_word' id='word_1_404' title='bbox 596 3035 800 3090; x_wconf 73' lang='lat' dir='ltr'><em>tiittltas</em></span> <span class='ocrx_word' id='word_1_405' title='bbox 833 3052 920 3092; x_wconf 81' lang='lat' dir='ltr'><em>res</em></span> <span class='ocrx_word' id='word_1_406' title='bbox 950 3038 1248 3108; x_wconf 68' lang='lat' dir='ltr'><em>disciplinae</em></span> <span class='ocrx_word' id='word_1_407' title='bbox 1281 3038 1666 3095; x_wconf 63' lang='lat' dir='ltr'><em>ecclesiasticas</em></span> <span class='ocrx_word' id='word_1_408' title='bbox 1703 3040 1944 3096; x_wconf 66' lang='lat' dir='ltr'><em>fovendae</em></span> <span class='ocrx_word' id='word_1_409' title='bbox 1970 3040 2176 3110; x_wconf 88' lang='lat' dir='ltr'><em>peruti-</em></span> 
     </span>
    </p>
   </div>
   <div class='ocr_carea' id='block_1_9' title="bbox 2278 1838 3874 3115">
    <p class='ocr_par' dir='ltr' id='par_1_11' title="bbox 2284 1838 3874 2037">
     <span class='ocr_line' id='line_1_60' title="bbox 2285 1838 3874 1909; baseline 0.008 -16"><span class='ocrx_word' id='word_1_410' title='bbox 2285 1841 2533 1895; x_wconf 72' lang='lat' dir='ltr'><em>esnrient.</em></span> <span class='ocrx_word' id='word_1_411' title='bbox 2565 1838 2925 1892; x_wconf 77' lang='lat' dir='ltr'><em>Histrionibus</em></span> <span class='ocrx_word' id='word_1_412' title='bbox 2956 1846 3006 1892; x_wconf 86' lang='lat' dir='ltr'><em>et</em></span> <span class='ocrx_word' id='word_1_413' title='bbox 3038 1843 3236 1894; x_wconf 77' lang='lat' dir='ltr'><em>scurris</em></span> <span class='ocrx_word' id='word_1_414' title='bbox 3264 1843 3644 1909; x_wconf 81' lang='lat' dir='ltr'><em>patrimonium</em></span> <span class='ocrx_word' id='word_1_415' title='bbox 3673 1846 3874 1906; x_wconf 74' lang='lat' dir='ltr'><em>Christi</em></span> 
     </span>
     <span class='ocr_line' id='line_1_61' title="bbox 2284 1907 3873 1989; baseline 0.007 -28"><span class='ocrx_word' id='word_1_416' title='bbox 2284 1911 2669 1979; x_wconf 72' lang='lat' dir='ltr'><em>riortdisperqo.</em></span> <span class='ocrx_word' id='word_1_417' title='bbox 2698 1907 2826 1963; x_wconf 87' lang='lat' dir='ltr'><em>lloec</em></span> <span class='ocrx_word' id='word_1_418' title='bbox 2848 1911 3101 1976; x_wconf 73' lang='lat' dir='ltr'><em>exterius,</em></span> <span class='ocrx_word' id='word_1_419' title='bbox 3134 1912 3463 1966; x_wconf 73' lang='lat' dir='ltr'><em>occultorum</em></span> <span class='ocrx_word' id='word_1_420' title='bbox 3483 1923 3660 1970; x_wconf 72' lang='lat' dir='ltr'><em>aretem</em></span> <span class='ocrx_word' id='word_1_421' title='bbox 3689 1924 3873 1989; x_wconf 75' lang='lat' dir='ltr'><em>coqui-</em></span> 
     </span>
     <span class='ocr_line' id='line_1_62' title="bbox 2284 1979 3368 2037; baseline 0.006 -7"><span class='ocrx_word' id='word_1_422' title='bbox 2284 1988 2367 2031; x_wconf 89' lang='lat' dir='ltr'><em>tor</em></span> <span class='ocrx_word' id='word_1_423' title='bbox 2392 1991 2468 2034; x_wconf 79' lang='lat' dir='ltr'><em>est</em></span> <span class='ocrx_word' id='word_1_424' title='bbox 2492 1988 2736 2034; x_wconf 77' lang='lat' dir='ltr'><em>scrutans</em></span> <span class='ocrx_word' id='word_1_425' title='bbox 2773 1979 2934 2033; x_wconf 82' lang='lat' dir='ltr'><em>corda</em></span> <span class='ocrx_word' id='word_1_426' title='bbox 2965 1990 3010 2031; x_wconf 88' lang='lat' dir='ltr'><em>et</em></span> <span class='ocrx_word' id='word_1_427' title='bbox 3036 1995 3181 2033; x_wconf 77' lang='lat' dir='ltr'><em>renes</em></span> <span class='ocrx_word' id='word_1_428' title='bbox 3212 1979 3368 2037; x_wconf 80' lang='lat' dir='ltr'><em>Deus.</em></span> 
     </span>
    </p>

    <p class='ocr_par' dir='ltr' id='par_1_12' title="bbox 2278 2047 3869 3115">
     <span class='ocr_line' id='line_1_63' title="bbox 2352 2047 3869 2118; baseline 0.009 -14"><span class='ocrx_word' id='word_1_429' title='bbox 2352 2050 2487 2104; x_wconf 89' lang='lat' dir='ltr'><em>Cum</em></span> <span class='ocrx_word' id='word_1_430' title='bbox 2520 2063 2738 2117; x_wconf 88' lang='lat' dir='ltr'><em>semper</em></span> <span class='ocrx_word' id='word_1_431' title='bbox 2761 2049 2825 2101; x_wconf 91' lang='lat' dir='ltr'><em>ad</em></span> <span class='ocrx_word' id='word_1_432' title='bbox 2856 2048 2948 2102; x_wconf 87' lang='lat' dir='ltr'><em>Dei</em></span> <span class='ocrx_word' id='word_1_433' title='bbox 2980 2047 3177 2118; x_wconf 90' lang='lat' dir='ltr'><em>templa</em></span> <span class='ocrx_word' id='word_1_434' title='bbox 3206 2051 3537 2117; x_wconf 82' lang='lat' dir='ltr'><em>decoranda.</em></span> <span class='ocrx_word' id='word_1_435' title='bbox 3558 2059 3708 2112; x_wconf 85' lang='lat' dir='ltr'><em>etad</em></span> <span class='ocrx_word' id='word_1_436' title='bbox 3740 2075 3869 2117; x_wconf 85' lang='lat' dir='ltr'><em>suas</em></span> 
     </span>
     <span class='ocr_line' id='line_1_64' title="bbox 2283 2116 3869 2189; baseline 0.007 -15"><span class='ocrx_word' id='word_1_437' title='bbox 2283 2134 2509 2189; x_wconf 82' lang='lat' dir='ltr'><em>sponsas</em></span> <span class='ocrx_word' id='word_1_438' title='bbox 2532 2116 2896 2184; x_wconf 78' lang='lat' dir='ltr'><em>exornandas,</em></span> <span class='ocrx_word' id='word_1_439' title='bbox 2923 2118 3161 2189; x_wconf 76' lang='lat' dir='ltr'><em>intelligo</em></span> <span class='ocrx_word' id='word_1_440' title='bbox 3176 2120 3461 2178; x_wconf 83' lang='lat' dir='ltr'><em>ecclesiam</em></span> <span class='ocrx_word' id='word_1_441' title='bbox 3491 2125 3677 2181; x_wconf 77' lang='lat' dir='ltr'><em>Sancti</em></span> <span class='ocrx_word' id='word_1_442' title='bbox 3697 2129 3869 2187; x_wconf 61' lang='lat' dir='ltr'><em>Evno-</em></span> 
     </span>
     <span class='ocr_line' id='line_1_65' title="bbox 2286 2187 3864 2269; baseline 0.007 -24"><span class='ocrx_word' id='word_1_443' title='bbox 2286 2191 2345 2245; x_wconf 86' lang='lat' dir='ltr'><em>tii</em></span> <span class='ocrx_word' id='word_1_444' title='bbox 2369 2200 2425 2246; x_wconf 85' lang='lat' dir='ltr'><em>et</em></span> <span class='ocrx_word' id='word_1_445' title='bbox 2456 2189 2668 2244; x_wconf 83' lang='lat' dir='ltr'><em>Sanctae</em></span> <span class='ocrx_word' id='word_1_446' title='bbox 2692 2187 3003 2253; x_wconf 70' lang='lat' dir='ltr'><em>Genovel&#39;ae.</em></span> <span class='ocrx_word' id='word_1_447' title='bbox 3034 2193 3274 2245; x_wconf 83' lang='lat' dir='ltr'><em>animum</em></span> <span class='ocrx_word' id='word_1_448' title='bbox 3298 2206 3457 2249; x_wconf 79' lang='lat' dir='ltr'><em>suunt</em></span> <span class='ocrx_word' id='word_1_449' title='bbox 3491 2209 3521 2247; x_wconf 75' lang='lat' dir='ltr'><em>a</em></span> <span class='ocrx_word' id='word_1_450' title='bbox 3566 2196 3864 2269; x_wconf 79' lang='lat' dir='ltr'><em>plicuisset,</em></span> 
     </span>
     <span class='ocr_line' id='line_1_66' title="bbox 2283 2260 3865 2328; baseline 0.008 -12"><span class='ocrx_word' id='word_1_451' title='bbox 2283 2276 2394 2316; x_wconf 83' lang='lat' dir='ltr'><em>non</em></span> <span class='ocrx_word' id='word_1_452' title='bbox 2445 2262 2643 2314; x_wconf 87' lang='lat' dir='ltr'><em>mirum</em></span> <span class='ocrx_word' id='word_1_453' title='bbox 2676 2260 2847 2314; x_wconf 78' lang='lat' dir='ltr'><em>videri</em></span> <span class='ocrx_word' id='word_1_454' title='bbox 2887 2260 3048 2315; x_wconf 86' lang='lat' dir='ltr'><em>debet</em></span> <span class='ocrx_word' id='word_1_455' title='bbox 3091 2261 3135 2315; x_wconf 91' lang='lat' dir='ltr'><em>si</em></span> <span class='ocrx_word' id='word_1_456' title='bbox 3172 2261 3224 2314; x_wconf 90' lang='lat' dir='ltr'><em>in</em></span> <span class='ocrx_word' id='word_1_457' title='bbox 3255 2260 3497 2319; x_wconf 82' lang='lat' dir='ltr'><em>Ecclesia</em></span> <span class='ocrx_word' id='word_1_458' title='bbox 3577 2277 3865 2328; x_wconf 69' lang='lat' dir='ltr'><em>‹irnacensi</em></span> 
     </span>
     <span class='ocr_line' id='line_1_67' title="bbox 2284 2329 3865 2411; baseline 0.007 -26"><span class='ocrx_word' id='word_1_459' title='bbox 2284 2339 2362 2385; x_wconf 90' lang='lat' dir='ltr'><em>tot</em></span> <span class='ocrx_word' id='word_1_460' title='bbox 2383 2345 2548 2398; x_wconf 86' lang='lat' dir='ltr'><em>opera</em></span> <span class='ocrx_word' id='word_1_461' title='bbox 2595 2329 2869 2385; x_wconf 86' lang='lat' dir='ltr'><em>mirabilia</em></span> <span class='ocrx_word' id='word_1_462' title='bbox 2918 2330 3264 2395; x_wconf 74' lang='lat' dir='ltr'><em>coniecerit:</em></span> <span class='ocrx_word' id='word_1_463' title='bbox 3307 2335 3354 2386; x_wconf 86' lang='lat' dir='ltr'><em>si</em></span> <span class='ocrx_word' id='word_1_464' title='bbox 3395 2334 3660 2394; x_wconf 81' lang='lat' dir='ltr'><em>l&#39;ornicem</em></span> <span class='ocrx_word' id='word_1_465' title='bbox 3709 2339 3865 2411; x_wconf 82' lang='lat' dir='ltr'><em>lieri,</em></span> 
     </span>
     <span class='ocr_line' id='line_1_68' title="bbox 2282 2399 3867 2473; baseline 0.003 -20"><span class='ocrx_word' id='word_1_466' title='bbox 2282 2400 2455 2455; x_wconf 88' lang='lat' dir='ltr'><em>altare</em></span> <span class='ocrx_word' id='word_1_467' title='bbox 2487 2399 2659 2469; x_wconf 83' lang='lat' dir='ltr'><em>majus</em></span> <span class='ocrx_word' id='word_1_468' title='bbox 2686 2401 2916 2465; x_wconf 81' lang='lat' dir='ltr'><em>exstrui,</em></span> <span class='ocrx_word' id='word_1_469' title='bbox 2949 2400 3131 2455; x_wconf 89' lang='lat' dir='ltr'><em>tabula</em></span> <span class='ocrx_word' id='word_1_470' title='bbox 3162 2412 3420 2472; x_wconf 85' lang='lat' dir='ltr'><em>argentea</em></span> <span class='ocrx_word' id='word_1_471' title='bbox 3454 2405 3736 2473; x_wconf 79' lang='lat' dir='ltr'><em>decorari,</em></span> <span class='ocrx_word' id='word_1_472' title='bbox 3769 2426 3867 2468; x_wconf 78' lang='lat' dir='ltr'><em>va..</em></span> 
     </span>
     <span class='ocr_line' id='line_1_69' title="bbox 2283 2470 3865 2541; baseline 0.008 -15"><span class='ocrx_word' id='word_1_473' title='bbox 2283 2472 2360 2526; x_wconf 85' lang='lat' dir='ltr'><em>sis</em></span> <span class='ocrx_word' id='word_1_474' title='bbox 2392 2472 2564 2526; x_wconf 88' lang='lat' dir='ltr'><em>sacris</em></span> <span class='ocrx_word' id='word_1_475' title='bbox 2586 2480 2640 2526; x_wconf 91' lang='lat' dir='ltr'><em>et</em></span> <span class='ocrx_word' id='word_1_476' title='bbox 2670 2470 2924 2541; x_wconf 79' lang='lat' dir='ltr'><em>pretiosis</em></span> <span class='ocrx_word' id='word_1_477' title='bbox 2954 2474 3294 2527; x_wconf 84' lang='lat' dir='ltr'><em>ornamentis</em></span> <span class='ocrx_word' id='word_1_478' title='bbox 3331 2475 3550 2530; x_wconf 87' lang='lat' dir='ltr'><em>abunde</em></span> <span class='ocrx_word' id='word_1_479' title='bbox 3578 2480 3741 2535; x_wconf 84' lang='lat' dir='ltr'><em>ditari</em></span> <span class='ocrx_word' id='word_1_480' title='bbox 3769 2499 3865 2538; x_wconf 86' lang='lat' dir='ltr'><em>cu-</em></span> 
     </span>
     <span class='ocr_line' id='line_1_70' title="bbox 2283 2540 3864 2618; baseline 0.008 -24"><span class='ocrx_word' id='word_1_481' title='bbox 2283 2542 2507 2595; x_wconf 77' lang='lat' dir='ltr'><em>raverit.</em></span> <span class='ocrx_word' id='word_1_482' title='bbox 2549 2540 2818 2596; x_wconf 74' lang='lat' dir='ltr'><em>Sacellum</em></span> <span class='ocrx_word' id='word_1_483' title='bbox 2853 2556 3069 2612; x_wconf 86' lang='lat' dir='ltr'><em>quoque</em></span> <span class='ocrx_word' id='word_1_484' title='bbox 3093 2542 3143 2596; x_wconf 93' lang='lat' dir='ltr'><em>in</em></span> <span class='ocrx_word' id='word_1_485' title='bbox 3179 2543 3382 2610; x_wconf 77' lang='lat' dir='ltr'><em>palatio</em></span> <span class='ocrx_word' id='word_1_486' title='bbox 3404 2546 3704 2618; x_wconf 87' lang='lat' dir='ltr'><em>episcopali</em></span> <span class='ocrx_word' id='word_1_487' title='bbox 3730 2551 3864 2608; x_wconf 88' lang='lat' dir='ltr'><em>Tor-</em></span> 
     </span>
     <span class='ocr_line' id='line_1_71' title="bbox 2280 2611 3863 2679; baseline 0.008 -14"><span class='ocrx_word' id='word_1_488' title='bbox 2280 2611 2522 2676; x_wconf 85' lang='lat' dir='ltr'><em>nacensi,</em></span> <span class='ocrx_word' id='word_1_489' title='bbox 2556 2611 2756 2665; x_wconf 90' lang='lat' dir='ltr'><em>Sancto</em></span> <span class='ocrx_word' id='word_1_490' title='bbox 2798 2611 3054 2676; x_wconf 84' lang='lat' dir='ltr'><em>Evurtio,</em></span> <span class='ocrx_word' id='word_1_491' title='bbox 3091 2621 3146 2665; x_wconf 90' lang='lat' dir='ltr'><em>et</em></span> <span class='ocrx_word' id='word_1_492' title='bbox 3187 2613 3404 2668; x_wconf 70' lang='lat' dir='ltr'><em>Sanctae</em></span> <span class='ocrx_word' id='word_1_493' title='bbox 3446 2613 3737 2677; x_wconf 72' lang='lat' dir='ltr'><em>Genovclze</em></span> <span class='ocrx_word' id='word_1_494' title='bbox 3765 2638 3863 2679; x_wconf 88' lang='lat' dir='ltr'><em>no-</em></span> 
     </span>
     <span class='ocr_line' id='line_1_72' title="bbox 2282 2681 3861 2753; baseline 0.001 -17"><span class='ocrx_word' id='word_1_495' title='bbox 2282 2685 2428 2736; x_wconf 83' lang='lat' dir='ltr'><em>mine</em></span> <span class='ocrx_word' id='word_1_496' title='bbox 2443 2681 2976 2744; x_wconf 69' lang='lat' dir='ltr'><em>cotisecravit,=·itris</em></span> <span class='ocrx_word' id='word_1_497' title='bbox 3006 2684 3212 2750; x_wconf 81' lang='lat' dir='ltr'><em>pictura</em></span> <span class='ocrx_word' id='word_1_498' title='bbox 3237 2691 3288 2736; x_wconf 89' lang='lat' dir='ltr'><em>et</em></span> <span class='ocrx_word' id='word_1_499' title='bbox 3317 2682 3645 2753; x_wconf 78' lang='lat' dir='ltr'><em>itnaginibus</em></span> <span class='ocrx_word' id='word_1_500' title='bbox 3672 2707 3861 2752; x_wconf 69' lang='lat' dir='ltr'><em>eorum</em></span> 
     </span>
     <span class='ocr_line' id='line_1_73' title="bbox 2278 2750 3858 2824; baseline 0.006 -21"><span class='ocrx_word' id='word_1_501' title='bbox 2278 2750 2550 2806; x_wconf 86' lang='lat' dir='ltr'><em>decoratis</em></span> <span class='ocrx_word' id='word_1_502' title='bbox 2576 2759 2629 2805; x_wconf 87' lang='lat' dir='ltr'><em>et</em></span> <span class='ocrx_word' id='word_1_503' title='bbox 2651 2751 2947 2806; x_wconf 81' lang='lat' dir='ltr'><em>redditibus</em></span> <span class='ocrx_word' id='word_1_504' title='bbox 2974 2752 3210 2813; x_wconf 86' lang='lat' dir='ltr'><em>donatis.</em></span> <span class='ocrx_word' id='word_1_505' title='bbox 3227 2760 3283 2805; x_wconf 92' lang='lat' dir='ltr'><em>ut</em></span> <span class='ocrx_word' id='word_1_506' title='bbox 3313 2754 3553 2822; x_wconf 89' lang='lat' dir='ltr'><em>ipsorum</em></span> <span class='ocrx_word' id='word_1_507' title='bbox 3578 2759 3780 2819; x_wconf 74' lang='lat' dir='ltr'><em>festum</em></span> <span class='ocrx_word' id='word_1_508' title='bbox 3801 2769 3858 2824; x_wconf 61' lang='lat' dir='ltr'><em>i„</em></span> 
     </span>
     <span class='ocr_line' id='line_1_74' title="bbox 2278 2820 3860 2908; baseline 0.008 -32"><span class='ocrx_word' id='word_1_509' title='bbox 2278 2820 2524 2877; x_wconf 82' lang='lat' dir='ltr'><em>Ecclesia</em></span> <span class='ocrx_word' id='word_1_510' title='bbox 2574 2836 2672 2876; x_wconf 87' lang='lat' dir='ltr'><em>sua</em></span> <span class='ocrx_word' id='word_1_511' title='bbox 2724 2821 3111 2877; x_wconf 84' lang='lat' dir='ltr'><em>celebraretur.</em></span> <span class='ocrx_word' id='word_1_512' title='bbox 3158 2823 3390 2878; x_wconf 77' lang='lat' dir='ltr'><em>Geinum</em></span> <span class='ocrx_word' id='word_1_513' title='bbox 3436 2840 3652 2908; x_wconf 80' lang='lat' dir='ltr'><em>quoque</em></span> <span class='ocrx_word' id='word_1_514' title='bbox 3687 2833 3860 2894; x_wconf 77' lang='lat' dir='ltr'><em>libras</em></span> 
     </span>
     <span class='ocr_line' id='line_1_75' title="bbox 2279 2892 3860 2978; baseline 0.003 -33"><span class='ocrx_word' id='word_1_515' title='bbox 2279 2907 2378 2962; x_wconf 89' lang='lat' dir='ltr'><em>pro</em></span> <span class='ocrx_word' id='word_1_516' title='bbox 2422 2892 2802 2946; x_wconf 78' lang='lat' dir='ltr'><em>atttiivcrsario</em></span> <span class='ocrx_word' id='word_1_517' title='bbox 2831 2906 2931 2946; x_wconf 89' lang='lat' dir='ltr'><em>suo</em></span> <span class='ocrx_word' id='word_1_518' title='bbox 2972 2908 3096 2947; x_wconf 88' lang='lat' dir='ltr'><em>cum</em></span> <span class='ocrx_word' id='word_1_519' title='bbox 3139 2894 3528 2960; x_wconf 81' lang='lat' dir='ltr'><em>septemdecim</em></span> <span class='ocrx_word' id='word_1_520' title='bbox 3584 2910 3744 2960; x_wconf 70' lang='lat' dir='ltr'><em>term,-</em></span> <span class='ocrx_word' id='word_1_521' title='bbox 3770 2907 3860 2978; x_wconf 65' lang='lat' dir='ltr'><em>ju.</em></span> 
     </span>
     <span class='ocr_line' id='line_1_76' title="bbox 2278 2960 3858 3037; baseline 0.003 -23"><span class='ocrx_word' id='word_1_522' title='bbox 2278 2961 2528 3032; x_wconf 75' lang='lat' dir='ltr'><em>geribus,</em></span> <span class='ocrx_word' id='word_1_523' title='bbox 2565 2972 2620 3016; x_wconf 87' lang='lat' dir='ltr'><em>et</em></span> <span class='ocrx_word' id='word_1_524' title='bbox 2670 2972 2864 3031; x_wconf 85' lang='lat' dir='ltr'><em>quarta</em></span> <span class='ocrx_word' id='word_1_525' title='bbox 2915 2972 3075 3032; x_wconf 87' lang='lat' dir='ltr'><em>parte</em></span> <span class='ocrx_word' id='word_1_526' title='bbox 3113 2960 3258 3029; x_wconf 71' lang='lat' dir='ltr'><em>iuris</em></span> <span class='ocrx_word' id='word_1_527' title='bbox 3290 2965 3372 3019; x_wconf 90' lang='lat' dir='ltr'><em>sui</em></span> <span class='ocrx_word' id='word_1_528' title='bbox 3419 2981 3584 3037; x_wconf 78' lang='lat' dir='ltr'><em>super</em></span> <span class='ocrx_word' id='word_1_529' title='bbox 3631 2972 3858 3034; x_wconf 63' lang='lat' dir='ltr'><em>fluvium</em></span> 
     </span>
     <span class='ocr_line' id='line_1_77' title="bbox 2281 3030 3858 3115; baseline 0.006 -29"><span class='ocrx_word' id='word_1_530' title='bbox 2281 3032 2520 3088; x_wconf 84' lang='lat' dir='ltr'><em>Scaldim</em></span> <span class='ocrx_word' id='word_1_531' title='bbox 2557 3030 2757 3101; x_wconf 74' lang='lat' dir='ltr'><em>legavit</em></span> <span class='ocrx_word' id='word_1_532' title='bbox 2788 3032 2910 3087; x_wconf 81' lang='lat' dir='ltr'><em>:sic</em></span> <span class='ocrx_word' id='word_1_533' title='bbox 2936 3032 3074 3087; x_wconf 83' lang='lat' dir='ltr'><em>bona</em></span> <span class='ocrx_word' id='word_1_534' title='bbox 3106 3047 3203 3087; x_wconf 83' lang='lat' dir='ltr'><em>sua</em></span> <span class='ocrx_word' id='word_1_535' title='bbox 3243 3035 3441 3103; x_wconf 59' lang='lat' dir='ltr'><em>praesul</em></span> <span class='ocrx_word' id='word_1_536' title='bbox 3473 3039 3858 3115; x_wconf 68' lang='lat' dir='ltr'><em>integerrima.</em></span> 
     </span>
    </p>
   </div>
   <div class='ocr_carea' id='block_1_10' title="bbox 594 3102 3856 3182">
    <p class='ocr_par' dir='ltr' id='par_1_13' title="bbox 594 3102 3856 3182">
     <span class='ocr_line' id='line_1_78' title="bbox 594 3102 3856 3182; baseline 0.005 -25"><span class='ocrx_word' id='word_1_537' title='bbox 594 3104 679 3160; x_wconf 85' lang='lat' dir='ltr'><em>tes</em></span> <span class='ocrx_word' id='word_1_538' title='bbox 730 3106 996 3173; x_wconf 81' lang='lat' dir='ltr'><em>instituit,</em></span> <span class='ocrx_word' id='word_1_539' title='bbox 1051 3110 1325 3179; x_wconf 71' lang='lat' dir='ltr'><em>praecipue</em></span> <span class='ocrx_word' id='word_1_540' title='bbox 1377 3110 1710 3177; x_wconf 88' lang='lat' dir='ltr'><em>prohibitum</em></span> <span class='ocrx_word' id='word_1_541' title='bbox 1759 3120 1840 3165; x_wconf 84' lang='lat' dir='ltr'><em>est</em></span> <span class='ocrx_word' id='word_1_542' title='bbox 1895 3111 2173 3165; x_wconf 82' lang='lat' dir='ltr'><em>canonicis</em></span> <span class='ocrx_word' id='word_1_543' title='bbox 2199 3122 2243 3182; x_wconf 79' lang='lat' dir='ltr'>c</span> <span class='ocrx_word' id='word_1_544' title='bbox 2280 3102 2588 3157; x_wconf 77' lang='lat' dir='ltr'><em>insumebat</em></span> <span class='ocrx_word' id='word_1_545' title='bbox 2631 3104 2685 3157; x_wconf 87' lang='lat' dir='ltr'><em>in</em></span> <span class='ocrx_word' id='word_1_546' title='bbox 2715 3103 2780 3158; x_wconf 90' lang='lat' dir='ltr'><em>iis</em></span> <span class='ocrx_word' id='word_1_547' title='bbox 2816 3103 3069 3160; x_wconf 87' lang='lat' dir='ltr'><em>omnibus</em></span> <span class='ocrx_word' id='word_1_548' title='bbox 3097 3118 3218 3176; x_wconf 76' lang='lat' dir='ltr'><em>quae</em></span> <span class='ocrx_word' id='word_1_549' title='bbox 3245 3106 3313 3158; x_wconf 80' lang='lat' dir='ltr'><em>ad</em></span> <span class='ocrx_word' id='word_1_550' title='bbox 3338 3105 3433 3161; x_wconf 84' lang='lat' dir='ltr'><em>Dei</em></span> <span class='ocrx_word' id='word_1_551' title='bbox 3466 3107 3755 3182; x_wconf 65' lang='lat' dir='ltr'><em>laetiorem.</em></span> <span class='ocrx_word' id='word_1_552' title='bbox 3785 3122 3856 3175; x_wconf 85' lang='lat' dir='ltr'><em>ad</em></span> 
     </span>
    </p>
   </div>
   <div class='ocr_carea' id='block_1_11' title="bbox 570 3176 2172 5078">
    <p class='ocr_par' dir='ltr' id='par_1_14' title="bbox 592 3176 2172 3321">
     <span class='ocr_line' id='line_1_79' title="bbox 592 3176 2172 3252; baseline 0.004 -23"><span class='ocrx_word' id='word_1_553' title='bbox 592 3176 734 3231; x_wconf 88' lang='lat' dir='ltr'><em>duas</em></span> <span class='ocrx_word' id='word_1_554' title='bbox 755 3176 1074 3248; x_wconf 63' lang='lat' dir='ltr'><em>praebendas</em></span> <span class='ocrx_word' id='word_1_555' title='bbox 1101 3181 1404 3252; x_wconf 81' lang='lat' dir='ltr'><em>possidere,</em></span> <span class='ocrx_word' id='word_1_556' title='bbox 1433 3189 1486 3235; x_wconf 89' lang='lat' dir='ltr'><em>et</em></span> <span class='ocrx_word' id='word_1_557' title='bbox 1515 3181 1745 3237; x_wconf 79' lang='lat' dir='ltr'><em>seminas</em></span> <span class='ocrx_word' id='word_1_558' title='bbox 1771 3180 2019 3236; x_wconf 85' lang='lat' dir='ltr'><em>domibus</em></span> <span class='ocrx_word' id='word_1_559' title='bbox 2056 3182 2172 3236; x_wconf 85' lang='lat' dir='ltr'><em>suis</em></span> 
     </span>
     <span class='ocr_line' id='line_1_80' title="bbox 592 3249 2031 3321; baseline 0.003 -20"><span class='ocrx_word' id='word_1_560' title='bbox 592 3249 856 3312; x_wconf 82' lang='lat' dir='ltr'><em>retinere,</em></span> <span class='ocrx_word' id='word_1_561' title='bbox 883 3262 946 3303; x_wconf 84' lang='lat' dir='ltr'><em>ac</em></span> <span class='ocrx_word' id='word_1_562' title='bbox 980 3253 1262 3307; x_wconf 82' lang='lat' dir='ltr'><em>monachis</em></span> <span class='ocrx_word' id='word_1_563' title='bbox 1306 3250 1593 3321; x_wconf 81' lang='lat' dir='ltr'><em>parochias</em></span> <span class='ocrx_word' id='word_1_564' title='bbox 1625 3251 2031 3306; x_wconf 87' lang='lat' dir='ltr'><em>administrare.</em></span> 
     </span>
    </p>

    <p class='ocr_par' dir='ltr' id='par_1_15' title="bbox 665 3315 2172 3378">
     <span class='ocr_line' id='line_1_81' title="bbox 665 3315 2172 3378; baseline 0.005 -7"><span class='ocrx_word' id='word_1_565' title='bbox 665 3315 803 3372; x_wconf 88' lang='lat' dir='ltr'><em>Cum</em></span> <span class='ocrx_word' id='word_1_566' title='bbox 831 3317 1047 3376; x_wconf 85' lang='lat' dir='ltr'><em>abbatia</em></span> <span class='ocrx_word' id='word_1_567' title='bbox 1072 3321 1255 3378; x_wconf 82' lang='lat' dir='ltr'><em>Sancti</em></span> <span class='ocrx_word' id='word_1_568' title='bbox 1288 3321 1501 3376; x_wconf 83' lang='lat' dir='ltr'><em>Martini</em></span> <span class='ocrx_word' id='word_1_569' title='bbox 1548 3321 1914 3377; x_wconf 86' lang='lat' dir='ltr'><em>Tornaeensis</em></span> <span class='ocrx_word' id='word_1_570' title='bbox 1947 3335 1979 3375; x_wconf 89' lang='lat' dir='ltr'><em>a</em></span> <span class='ocrx_word' id='word_1_571' title='bbox 2023 3330 2172 3378; x_wconf 90' lang='lat' dir='ltr'><em>recto</em></span> 
     </span>
    </p>

    <p class='ocr_par' dir='ltr' id='par_1_16' title="bbox 586 3386 2172 4024">
     <span class='ocr_line' id='line_1_82' title="bbox 589 3386 2171 3464; baseline 0.004 -23"><span class='ocrx_word' id='word_1_572' title='bbox 589 3386 812 3442; x_wconf 80' lang='lat' dir='ltr'><em>videndi</em></span> <span class='ocrx_word' id='word_1_573' title='bbox 864 3389 1023 3446; x_wconf 90' lang='lat' dir='ltr'><em>modo</em></span> <span class='ocrx_word' id='word_1_574' title='bbox 1074 3390 1403 3459; x_wconf 81' lang='lat' dir='ltr'><em>deflexisset,</em></span> <span class='ocrx_word' id='word_1_575' title='bbox 1452 3394 1824 3464; x_wconf 80' lang='lat' dir='ltr'><em>regularisque</em></span> <span class='ocrx_word' id='word_1_576' title='bbox 1871 3390 2171 3462; x_wconf 76' lang='lat' dir='ltr'><em>‹Hseiplime</em></span> 
     </span>
     <span class='ocr_line' id='line_1_83' title="bbox 591 3461 2172 3533; baseline 0.004 -23"><span class='ocrx_word' id='word_1_577' title='bbox 591 3471 750 3510; x_wconf 78' lang='lat' dir='ltr'><em>amor</em></span> <span class='ocrx_word' id='word_1_578' title='bbox 775 3462 1077 3517; x_wconf 82' lang='lat' dir='ltr'><em>exstinctus</em></span> <span class='ocrx_word' id='word_1_579' title='bbox 1109 3461 1164 3517; x_wconf 90' lang='lat' dir='ltr'><em>in</em></span> <span class='ocrx_word' id='word_1_580' title='bbox 1203 3479 1265 3517; x_wconf 89' lang='lat' dir='ltr'><em>ea</em></span> <span class='ocrx_word' id='word_1_581' title='bbox 1297 3462 1507 3529; x_wconf 75' lang='lat' dir='ltr'><em>fuisset,</em></span> <span class='ocrx_word' id='word_1_582' title='bbox 1551 3465 1749 3520; x_wconf 85' lang='lat' dir='ltr'><em>abbate</em></span> <span class='ocrx_word' id='word_1_583' title='bbox 1792 3464 2012 3533; x_wconf 88' lang='lat' dir='ltr'><em>insuper</em></span> <span class='ocrx_word' id='word_1_584' title='bbox 2059 3472 2172 3516; x_wconf 89' lang='lat' dir='ltr'><em>tur·</em></span> 
     </span>
     <span class='ocr_line' id='line_1_84' title="bbox 592 3531 2169 3650; baseline 0.008 -75"><span class='ocrx_word' id='word_1_585' title='bbox 592 3541 715 3650; x_wconf 62' lang='lat' dir='ltr'><em>pem</em></span> <span class='ocrx_word' id='word_1_586' title='bbox 755 3542 819 3583; x_wconf 91' lang='lat' dir='ltr'><em>ac</em></span> <span class='ocrx_word' id='word_1_587' title='bbox 853 3532 1070 3598; x_wconf 86' lang='lat' dir='ltr'><em>pessimi</em></span> <span class='ocrx_word' id='word_1_588' title='bbox 1113 3531 1344 3603; x_wconf 80' lang='lat' dir='ltr'><em>exempli</em></span> <span class='ocrx_word' id='word_1_589' title='bbox 1374 3537 1539 3588; x_wconf 83' lang='lat' dir='ltr'><em>vitam</em></span> <span class='ocrx_word' id='word_1_590' title='bbox 1570 3544 1785 3607; x_wconf 82' lang='lat' dir='ltr'><em>agente,</em></span> <span class='ocrx_word' id='word_1_591' title='bbox 1818 3543 2004 3602; x_wconf 87' lang='lat' dir='ltr'><em>pastor</em></span> <span class='ocrx_word' id='word_1_592' title='bbox 2035 3532 2169 3603; x_wconf 80' lang='lat' dir='ltr'><em>vigi·</em></span> 
     </span>
     <span class='ocr_line' id='line_1_85' title="bbox 616 3597 2168 3661; baseline 0.006 -13"><span class='ocrx_word' id='word_1_593' title='bbox 616 3597 930 3654; x_wconf 81' lang='lat' dir='ltr'><em>amissimus</em></span> <span class='ocrx_word' id='word_1_594' title='bbox 962 3600 1089 3656; x_wconf 86' lang='lat' dir='ltr'><em>huic</em></span> <span class='ocrx_word' id='word_1_595' title='bbox 1137 3603 1280 3658; x_wconf 86' lang='lat' dir='ltr'><em>malo</em></span> <span class='ocrx_word' id='word_1_596' title='bbox 1311 3605 1363 3658; x_wconf 88' lang='lat' dir='ltr'><em>in</em></span> <span class='ocrx_word' id='word_1_597' title='bbox 1397 3605 1514 3659; x_wconf 87' lang='lat' dir='ltr'><em>dies</em></span> <span class='ocrx_word' id='word_1_598' title='bbox 1550 3605 1917 3661; x_wconf 86' lang='lat' dir='ltr'><em>succrescenti</em></span> <span class='ocrx_word' id='word_1_599' title='bbox 1956 3614 2168 3658; x_wconf 85' lang='lat' dir='ltr'><em>mature</em></span> 
     </span>
     <span class='ocr_line' id='line_1_86' title="bbox 591 3667 2168 3742; baseline 0.006 -22"><span class='ocrx_word' id='word_1_600' title='bbox 591 3667 979 3737; x_wconf 76' lang='lat' dir='ltr'><em>constrlturuS‚</em></span> <span class='ocrx_word' id='word_1_601' title='bbox 1016 3673 1296 3742; x_wconf 76' lang='lat' dir='ltr'><em>religiosos</em></span> <span class='ocrx_word' id='word_1_602' title='bbox 1322 3675 1407 3729; x_wconf 82' lang='lat' dir='ltr'><em>ad</em></span> <span class='ocrx_word' id='word_1_603' title='bbox 1457 3675 1599 3729; x_wconf 74' lang='lat' dir='ltr'><em>viam</em></span> <span class='ocrx_word' id='word_1_604' title='bbox 1650 3675 1865 3730; x_wconf 77' lang='lat' dir='ltr'><em>virunis</em></span> <span class='ocrx_word' id='word_1_605' title='bbox 1907 3676 2168 3729; x_wconf 84' lang='lat' dir='ltr'><em>reducere</em></span> 
     </span>
     <span class='ocr_line' id='line_1_87' title="bbox 588 3734 2164 3809; baseline 0.004 -17"><span class='ocrx_word' id='word_1_606' title='bbox 588 3734 809 3792; x_wconf 81' lang='lat' dir='ltr'><em>blandis</em></span> <span class='ocrx_word' id='word_1_607' title='bbox 845 3742 1189 3800; x_wconf 82' lang='lat' dir='ltr'><em>scrrnonibns</em></span> <span class='ocrx_word' id='word_1_608' title='bbox 1219 3755 1271 3799; x_wconf 90' lang='lat' dir='ltr'><em>ct</em></span> <span class='ocrx_word' id='word_1_609' title='bbox 1319 3746 1793 3801; x_wconf 78' lang='lat' dir='ltr'><em>exhortationibus</em></span> <span class='ocrx_word' id='word_1_610' title='bbox 1848 3744 2164 3809; x_wconf 85' lang='lat' dir='ltr'><em>contendit;</em></span> 
     </span>
     <span class='ocr_line' id='line_1_88' title="bbox 587 3811 2164 3886; baseline 0.006 -29"><span class='ocrx_word' id='word_1_611' title='bbox 587 3821 730 3877; x_wconf 81' lang='lat' dir='ltr'><em>quas</em></span> <span class='ocrx_word' id='word_1_612' title='bbox 778 3824 899 3864; x_wconf 90' lang='lat' dir='ltr'><em>cnm</em></span> <span class='ocrx_word' id='word_1_613' title='bbox 934 3811 1151 3867; x_wconf 82' lang='lat' dir='ltr'><em>inutiles</em></span> <span class='ocrx_word' id='word_1_614' title='bbox 1192 3825 1244 3869; x_wconf 87' lang='lat' dir='ltr'><em>et</em></span> <span class='ocrx_word' id='word_1_615' title='bbox 1279 3830 1444 3869; x_wconf 74' lang='lat' dir='ltr'><em>varias</em></span> <span class='ocrx_word' id='word_1_616' title='bbox 1474 3830 1594 3870; x_wconf 91' lang='lat' dir='ltr'><em>esse</em></span> <span class='ocrx_word' id='word_1_617' title='bbox 1638 3830 1863 3886; x_wconf 88' lang='lat' dir='ltr'><em>prorsus</em></span> <span class='ocrx_word' id='word_1_618' title='bbox 1912 3817 2164 3876; x_wconf 84' lang='lat' dir='ltr'><em>sentiret,</em></span> 
     </span>
     <span class='ocr_line' id='line_1_89' title="bbox 587 3878 2167 3956; baseline 0.005 -25"><span class='ocrx_word' id='word_1_619' title='bbox 587 3878 842 3933; x_wconf 74' lang='lat' dir='ltr'><em>abbatem</em></span> <span class='ocrx_word' id='word_1_620' title='bbox 873 3882 1044 3951; x_wconf 84' lang='lat' dir='ltr'><em>magis</em></span> <span class='ocrx_word' id='word_1_621' title='bbox 1070 3898 1134 3937; x_wconf 88' lang='lat' dir='ltr'><em>ac</em></span> <span class='ocrx_word' id='word_1_622' title='bbox 1166 3886 1336 3956; x_wconf 79' lang='lat' dir='ltr'><em>tnagis</em></span> <span class='ocrx_word' id='word_1_623' title='bbox 1358 3887 1812 3943; x_wconf 80' lang='lat' dir='ltr'><em>obdurescentem</em></span> <span class='ocrx_word' id='word_1_624' title='bbox 1855 3899 2167 3941; x_wconf 78' lang='lat' dir='ltr'><em>exconunu·</em></span> 
     </span>
     <span class='ocr_line' id='line_1_90' title="bbox 586 3947 1432 4024; baseline 0.008 -22"><span class='ocrx_word' id='word_1_625' title='bbox 586 3947 875 4005; x_wconf 86' lang='lat' dir='ltr'><em>nicationis</em></span> <span class='ocrx_word' id='word_1_626' title='bbox 899 3951 1118 4008; x_wconf 80' lang='lat' dir='ltr'><em>l&#39;ulntine</em></span> <span class='ocrx_word' id='word_1_627' title='bbox 1150 3958 1432 4024; x_wconf 80' lang='lat' dir='ltr'><em>percussit.</em></span> 
     </span>
    </p>

    <p class='ocr_par' dir='ltr' id='par_1_17' title="bbox 570 4019 2166 5078">
     <span class='ocr_line' id='line_1_91' title="bbox 658 4019 2166 4097; baseline 0.003 -23"><span class='ocrx_word' id='word_1_628' title='bbox 658 4019 713 4074; x_wconf 84' lang='lat' dir='ltr'><em>Si</em></span> <span class='ocrx_word' id='word_1_629' title='bbox 746 4028 950 4075; x_wconf 86' lang='lat' dir='ltr'><em>tautam</em></span> <span class='ocrx_word' id='word_1_630' title='bbox 982 4027 1324 4081; x_wconf 74' lang='lat' dir='ltr'><em>severitatem</em></span> <span class='ocrx_word' id='word_1_631' title='bbox 1358 4034 1542 4097; x_wconf 87' lang='lat' dir='ltr'><em>pastor</em></span> <span class='ocrx_word' id='word_1_632' title='bbox 1580 4024 2030 4096; x_wconf 78' lang='lat' dir='ltr'><em>vigilantissimus</em></span> <span class='ocrx_word' id='word_1_633' title='bbox 2069 4026 2166 4080; x_wconf 87' lang='lat' dir='ltr'><em>ad-</em></span> 
     </span>
     <span class='ocr_line' id='line_1_92' title="bbox 587 4096 2164 4167; baseline 0.007 -28"><span class='ocrx_word' id='word_1_634' title='bbox 587 4105 779 4144; x_wconf 62' lang='lat' dir='ltr'><em>versus</em></span> <span class='ocrx_word' id='word_1_635' title='bbox 806 4101 1052 4159; x_wconf 77' lang='lat' dir='ltr'><em>pastores</em></span> <span class='ocrx_word' id='word_1_636' title='bbox 1076 4096 1268 4157; x_wconf 84' lang='lat' dir='ltr'><em>malos.</em></span> <span class='ocrx_word' id='word_1_637' title='bbox 1309 4108 1364 4150; x_wconf 91' lang='lat' dir='ltr'><em>et</em></span> <span class='ocrx_word' id='word_1_638' title='bbox 1389 4112 1448 4151; x_wconf 91' lang='lat' dir='ltr'><em>se</em></span> <span class='ocrx_word' id='word_1_639' title='bbox 1480 4097 1625 4166; x_wconf 84' lang='lat' dir='ltr'><em>ipsos</em></span> <span class='ocrx_word' id='word_1_640' title='bbox 1647 4099 1826 4166; x_wconf 79' lang='lat' dir='ltr'><em>potins</em></span> <span class='ocrx_word' id='word_1_641' title='bbox 1849 4111 2011 4167; x_wconf 79' lang='lat' dir='ltr'><em>quain</em></span> <span class='ocrx_word' id='word_1_642' title='bbox 2040 4111 2164 4167; x_wconf 78' lang='lat' dir='ltr'><em>gre·</em></span> 
     </span>
     <span class='ocr_line' id='line_1_93' title="bbox 583 4166 2161 4238; baseline 0.006 -28"><span class='ocrx_word' id='word_1_643' title='bbox 583 4176 705 4228; x_wconf 64' lang='lat' dir='ltr'><em>gem</em></span> <span class='ocrx_word' id='word_1_644' title='bbox 743 4175 1026 4229; x_wconf 89' lang='lat' dir='ltr'><em>pascentes</em></span> <span class='ocrx_word' id='word_1_645' title='bbox 1053 4169 1593 4236; x_wconf 44' lang='lat' dir='ltr'><em>exercuitqquamam</em></span> <span class='ocrx_word' id='word_1_646' title='bbox 1619 4166 1784 4221; x_wconf 90' lang='lat' dir='ltr'><em>animi</em></span> <span class='ocrx_word' id='word_1_647' title='bbox 1834 4167 2161 4238; x_wconf 74' lang='lat' dir='ltr'><em>magnit-idi-</em></span> 
     </span>
     <span class='ocr_line' id='line_1_94' title="bbox 588 4231 2163 4293; baseline 0.007 -11"><span class='ocrx_word' id='word_1_648' title='bbox 588 4252 599 4283; x_wconf 74' lang='grc' dir='ltr'><strong><em>ε</em></strong></span> <span class='ocrx_word' id='word_1_649' title='bbox 622 4246 707 4283; x_wconf 84' lang='lat' dir='ltr'><em>cm</em></span> <span class='ocrx_word' id='word_1_650' title='bbox 733 4233 786 4284; x_wconf 86' lang='lat' dir='ltr'><em>in</em></span> <span class='ocrx_word' id='word_1_651' title='bbox 809 4231 1157 4289; x_wconf 77' lang='lat' dir='ltr'><em>defendendis</em></span> <span class='ocrx_word' id='word_1_652' title='bbox 1179 4251 1241 4290; x_wconf 88' lang='lat' dir='ltr'><em>ac</em></span> <span class='ocrx_word' id='word_1_653' title='bbox 1269 4238 1483 4292; x_wconf 80' lang='lat' dir='ltr'><em>tuettdis</em></span> <span class='ocrx_word' id='word_1_654' title='bbox 1511 4236 1665 4293; x_wconf 88' lang='lat' dir='ltr'><em>honis</em></span> <span class='ocrx_word' id='word_1_655' title='bbox 1696 4238 1959 4291; x_wconf 84' lang='lat' dir='ltr'><em>exercuit.</em></span> <span class='ocrx_word' id='word_1_656' title='bbox 1981 4237 2163 4293; x_wconf 79' lang='lat' dir='ltr'><em>Abbas</em></span> 
     </span>
     <span class='ocr_line' id='line_1_95' title="bbox 581 4301 2156 4373; baseline 0.005 -21"><span class='ocrx_word' id='word_1_657' title='bbox 581 4301 802 4370; x_wconf 80' lang='lat' dir='ltr'><em>qnidam</em></span> <span class='ocrx_word' id='word_1_658' title='bbox 834 4302 1016 4357; x_wconf 77' lang='lat' dir='ltr'><em>Sancti</em></span> <span class='ocrx_word' id='word_1_659' title='bbox 1042 4306 1270 4359; x_wconf 76' lang='lat' dir='ltr'><em>Aittandi</em></span> <span class='ocrx_word' id='word_1_660' title='bbox 1312 4322 1375 4361; x_wconf 85' lang='lat' dir='ltr'><em>ac</em></span> <span class='ocrx_word' id='word_1_661' title='bbox 1402 4308 1610 4362; x_wconf 81' lang='lat' dir='ltr'><em>ordinis</em></span> <span class='ocrx_word' id='word_1_662' title='bbox 1634 4306 1821 4363; x_wconf 79' lang='lat' dir='ltr'><em>Sancti</em></span> <span class='ocrx_word' id='word_1_663' title='bbox 1859 4305 2156 4373; x_wconf 74' lang='lat' dir='ltr'><em>Bene-licii,</em></span> 
     </span>
     <span class='ocr_line' id='line_1_96' title="bbox 582 4374 2158 4446; baseline 0.005 -21"><span class='ocrx_word' id='word_1_664' title='bbox 582 4386 767 4425; x_wconf 87' lang='lat' dir='ltr'><em>coram</em></span> <span class='ocrx_word' id='word_1_665' title='bbox 810 4374 1224 4445; x_wconf 85' lang='lat' dir='ltr'><em>archiepiscopo</em></span> <span class='ocrx_word' id='word_1_666' title='bbox 1268 4375 1519 4432; x_wconf 76' lang='lat' dir='ltr'><em>Remensi</em></span> <span class='ocrx_word' id='word_1_667' title='bbox 1547 4392 1577 4431; x_wconf 88' lang='lat' dir='ltr'><em>a</em></span> <span class='ocrx_word' id='word_1_668' title='bbox 1606 4378 1718 4433; x_wconf 81' lang='lat' dir='ltr'><em>suis</em></span> <span class='ocrx_word' id='word_1_669' title='bbox 1764 4377 2032 4446; x_wconf 84' lang='lat' dir='ltr'><em>religiosis</em></span> <span class='ocrx_word' id='word_1_670' title='bbox 2064 4395 2158 4433; x_wconf 82' lang='lat' dir='ltr'><em>ac-</em></span> 
     </span>
     <span class='ocr_line' id='line_1_97' title="bbox 578 4441 2150 4517; baseline 0.006 -24"><span class='ocrx_word' id='word_1_671' title='bbox 578 4451 806 4496; x_wconf 86' lang='lat' dir='ltr'><em>cusatus</em></span> <span class='ocrx_word' id='word_1_672' title='bbox 840 4441 960 4509; x_wconf 70' lang='lat' dir='ltr'><em>linit,</em></span> <span class='ocrx_word' id='word_1_673' title='bbox 994 4446 1153 4500; x_wconf 68' lang='lat' dir='ltr'><em>veluti</em></span> <span class='ocrx_word' id='word_1_674' title='bbox 1182 4462 1371 4517; x_wconf 88' lang='lat' dir='ltr'><em>parum</em></span> <span class='ocrx_word' id='word_1_675' title='bbox 1405 4457 1653 4502; x_wconf 72' lang='lat' dir='ltr'><em>versatus</em></span> <span class='ocrx_word' id='word_1_676' title='bbox 1686 4449 1737 4502; x_wconf 90' lang='lat' dir='ltr'><em>in</em></span> <span class='ocrx_word' id='word_1_677' title='bbox 1782 4448 2150 4504; x_wconf 87' lang='lat' dir='ltr'><em>ecclesiastica</em></span> 
     </span>
     <span class='ocr_line' id='line_1_98' title="bbox 579 4512 2150 4586; baseline 0.006 -22"><span class='ocrx_word' id='word_1_678' title='bbox 579 4512 867 4580; x_wconf 85' lang='lat' dir='ltr'><em>disciplina</em></span> <span class='ocrx_word' id='word_1_679' title='bbox 888 4553 902 4575; x_wconf 86' lang='lat'>‚</span> <span class='ocrx_word' id='word_1_680' title='bbox 928 4530 1233 4586; x_wconf 86' lang='lat' dir='ltr'><em>parumque</em></span> <span class='ocrx_word' id='word_1_681' title='bbox 1275 4519 1359 4573; x_wconf 88' lang='lat' dir='ltr'><em>sui</em></span> <span class='ocrx_word' id='word_1_682' title='bbox 1404 4519 1614 4572; x_wconf 88' lang='lat' dir='ltr'><em>ordinis</em></span> <span class='ocrx_word' id='word_1_683' title='bbox 1653 4520 1952 4574; x_wconf 86' lang='lat' dir='ltr'><em>instructus</em></span> <span class='ocrx_word' id='word_1_684' title='bbox 1982 4533 2150 4573; x_wconf 74' lang='lat' dir='ltr'><em>caere·</em></span> 
     </span>
     <span class='ocr_line' id='line_1_99' title="bbox 578 4583 2151 4658; baseline 0.008 -26"><span class='ocrx_word' id='word_1_685' title='bbox 578 4583 781 4635; x_wconf 86' lang='lat' dir='ltr'><em>moniis</em></span> <span class='ocrx_word' id='word_1_686' title='bbox 806 4584 1101 4641; x_wconf 77' lang='lat' dir='ltr'><em>videretur.</em></span> <span class='ocrx_word' id='word_1_687' title='bbox 1135 4587 1360 4644; x_wconf 74' lang='lat' dir='ltr'><em>Arbiter</em></span> <span class='ocrx_word' id='word_1_688' title='bbox 1403 4587 1627 4658; x_wconf 84' lang='lat' dir='ltr'><em>hujusce</em></span> <span class='ocrx_word' id='word_1_689' title='bbox 1662 4589 1772 4645; x_wconf 89' lang='lat' dir='ltr'><em>litis</em></span> <span class='ocrx_word' id='word_1_690' title='bbox 1798 4600 2002 4645; x_wconf 80' lang='lat' dir='ltr'><em>exortae</em></span> <span class='ocrx_word' id='word_1_691' title='bbox 2027 4589 2151 4644; x_wconf 90' lang='lat' dir='ltr'><em>Ste-</em></span> 
     </span>
     <span class='ocr_line' id='line_1_100' title="bbox 576 4651 2148 4732; baseline 0.007 -29"><span class='ocrx_word' id='word_1_692' title='bbox 576 4651 789 4732; x_wconf 83' lang='lat' dir='ltr'><em>phanus</em></span> <span class='ocrx_word' id='word_1_693' title='bbox 832 4654 1074 4726; x_wconf 78' lang='lat' dir='ltr'><em>eligitur,</em></span> <span class='ocrx_word' id='word_1_694' title='bbox 1105 4659 1194 4727; x_wconf 90' lang='lat' dir='ltr'><em>qui</em></span> <span class='ocrx_word' id='word_1_695' title='bbox 1243 4660 1637 4713; x_wconf 87' lang='lat' dir='ltr'><em>monasterium</em></span> <span class='ocrx_word' id='word_1_696' title='bbox 1682 4659 1871 4714; x_wconf 77' lang='lat' dir='ltr'><em>Sancti</em></span> <span class='ocrx_word' id='word_1_697' title='bbox 1917 4659 2148 4714; x_wconf 78' lang='lat' dir='ltr'><em>Attrandi</em></span> 
     </span>
     <span class='ocr_line' id='line_1_101' title="bbox 575 4727 2149 4798; baseline 0.006 -25"><span class='ocrx_word' id='word_1_698' title='bbox 575 4735 881 4791; x_wconf 78' lang='lat' dir='ltr'><em>ingressus,</em></span> <span class='ocrx_word' id='word_1_699' title='bbox 929 4727 1238 4796; x_wconf 87' lang='lat' dir='ltr'><em>auditisque</em></span> <span class='ocrx_word' id='word_1_700' title='bbox 1283 4730 1566 4798; x_wconf 81' lang='lat' dir='ltr'><em>utriusque</em></span> <span class='ocrx_word' id='word_1_701' title='bbox 1608 4729 1781 4797; x_wconf 86' lang='lat' dir='ltr'><em>partis</em></span> <span class='ocrx_word' id='word_1_702' title='bbox 1815 4730 2149 4792; x_wconf 84' lang='lat' dir='ltr'><em>rationibus,</em></span> 
     </span>
     <span class='ocr_line' id='line_1_102' title="bbox 575 4790 2151 4870; baseline 0.006 -28"><span class='ocrx_word' id='word_1_703' title='bbox 575 4790 829 4849; x_wconf 82' lang='lat' dir='ltr'><em>abbatem</em></span> <span class='ocrx_word' id='word_1_704' title='bbox 861 4795 1123 4864; x_wconf 65' lang='lat' dir='ltr'><em>judicavit</em></span> <span class='ocrx_word' id='word_1_705' title='bbox 1144 4813 1266 4853; x_wconf 88' lang='lat' dir='ltr'><em>esse</em></span> <span class='ocrx_word' id='word_1_706' title='bbox 1296 4800 1470 4852; x_wconf 85' lang='lat' dir='ltr'><em>virum</em></span> <span class='ocrx_word' id='word_1_707' title='bbox 1502 4798 1649 4852; x_wconf 87' lang='lat' dir='ltr'><em>omni</em></span> <span class='ocrx_word' id='word_1_708' title='bbox 1695 4798 1853 4854; x_wconf 87' lang='lat' dir='ltr'><em>laude</em></span> <span class='ocrx_word' id='word_1_709' title='bbox 1895 4801 2151 4870; x_wconf 78' lang='lat' dir='ltr'><em>dignissi-</em></span> 
     </span>
     <span class='ocr_line' id='line_1_103' title="bbox 575 4868 2149 4939; baseline 0.005 -24"><span class='ocrx_word' id='word_1_710' title='bbox 575 4874 750 4928; x_wconf 87' lang='lat' dir='ltr'><em>mum,</em></span> <span class='ocrx_word' id='word_1_711' title='bbox 782 4870 1163 4934; x_wconf 81' lang='lat' dir='ltr'><em>temperantia,</em></span> <span class='ocrx_word' id='word_1_712' title='bbox 1185 4869 1472 4929; x_wconf 86' lang='lat' dir='ltr'><em>charitate.</em></span> <span class='ocrx_word' id='word_1_713' title='bbox 1499 4868 1857 4939; x_wconf 79' lang='lat' dir='ltr'><em>parcimonia,</em></span> <span class='ocrx_word' id='word_1_714' title='bbox 1889 4870 2149 4938; x_wconf 80' lang='lat' dir='ltr'><em>patientia</em></span> 
     </span>
     <span class='ocr_line' id='line_1_104' title="bbox 570 4934 2147 5008; baseline 0.003 -20"><span class='ocrx_word' id='word_1_715' title='bbox 570 4944 628 4988; x_wconf 74' lang='lat' dir='ltr'><em>et</em></span> <span class='ocrx_word' id='word_1_716' title='bbox 673 4934 890 4989; x_wconf 78' lang='lat' dir='ltr'><em>dennuni</em></span> <span class='ocrx_word' id='word_1_717' title='bbox 941 4937 1232 5006; x_wconf 80' lang='lat' dir='ltr'><em>cujuslibet</em></span> <span class='ocrx_word' id='word_1_718' title='bbox 1273 4939 1490 4993; x_wconf 80' lang='lat' dir='ltr'><em>virtutis</em></span> <span class='ocrx_word' id='word_1_719' title='bbox 1533 4939 1704 5008; x_wconf 81' lang='lat' dir='ltr'><em>gloria</em></span> <span class='ocrx_word' id='word_1_720' title='bbox 1750 4942 2147 5007; x_wconf 84' lang='lat' dir='ltr'><em>conspicuum,</em></span> 
     </span>
     <span class='ocr_line' id='line_1_105' title="bbox 570 5002 2151 5078; baseline 0.004 -20"><span class='ocrx_word' id='word_1_721' title='bbox 570 5002 694 5058; x_wconf 75' lang='lat' dir='ltr'><em>zelo</em></span> <span class='ocrx_word' id='word_1_722' title='bbox 727 5014 931 5059; x_wconf 85' lang='lat' dir='ltr'><em>tautum</em></span> <span class='ocrx_word' id='word_1_723' title='bbox 962 5022 1070 5076; x_wconf 86' lang='lat' dir='ltr'><em>quo</em></span> <span class='ocrx_word' id='word_1_724' title='bbox 1103 5010 1155 5064; x_wconf 89' lang='lat' dir='ltr'><em>in</em></span> <span class='ocrx_word' id='word_1_725' title='bbox 1182 5009 1327 5063; x_wconf 74' lang='lat' dir='ltr'><em>vitiis</em></span> <span class='ocrx_word' id='word_1_726' title='bbox 1359 5010 1675 5063; x_wconf 89' lang='lat' dir='ltr'><em>coercendis</em></span> <span class='ocrx_word' id='word_1_727' title='bbox 1702 5019 1761 5062; x_wconf 86' lang='lat' dir='ltr'><em>et</em></span> <span class='ocrx_word' id='word_1_728' title='bbox 1791 5010 2151 5078; x_wconf 85' lang='lat' dir='ltr'><em>reprimendis</em></span> 
     </span>
    </p>
   </div>
   <div class='ocr_carea' id='block_1_12' title="bbox 568 5076 2181 5149">
    <p class='ocr_par' dir='ltr' id='par_1_18' title="bbox 568 5076 2181 5149">
     <span class='ocr_line' id='line_1_106' title="bbox 568 5076 2181 5149; baseline 0.004 -22"><span class='ocrx_word' id='word_1_729' title='bbox 568 5076 852 5140; x_wconf 82' lang='lat' dir='ltr'><em>utebatur,</em></span> <span class='ocrx_word' id='word_1_730' title='bbox 882 5079 997 5132; x_wconf 86' lang='lat' dir='ltr'><em>suis</em></span> <span class='ocrx_word' id='word_1_731' title='bbox 1038 5080 1292 5141; x_wconf 82' lang='lat' dir='ltr'><em>invisum,</em></span> <span class='ocrx_word' id='word_1_732' title='bbox 1335 5080 1543 5149; x_wconf 73' lang='lat' dir='ltr'><em>grande</em></span> <span class='ocrx_word' id='word_1_733' title='bbox 1580 5079 1680 5147; x_wconf 83' lang='lat' dir='ltr'><em>ipsi</em></span> <span class='ocrx_word' id='word_1_734' title='bbox 1731 5080 1938 5134; x_wconf 87' lang='lat' dir='ltr'><em>crimen</em></span> <span class='ocrx_word' id='word_1_735' title='bbox 1974 5079 2181 5143; x_wconf 42' lang='lat' dir='ltr'><em>iniens</em></span> 
     </span>
    </p>
   </div>
   <div class='ocr_carea' id='block_1_13' title="bbox 565 5144 2151 5853">
    <p class='ocr_par' dir='ltr' id='par_1_19' title="bbox 566 5144 2151 5411">
     <span class='ocr_line' id='line_1_107' title="bbox 567 5144 2145 5218; baseline 0.003 -20"><span class='ocrx_word' id='word_1_736' title='bbox 567 5144 808 5208; x_wconf 85' lang='lat' dir='ltr'><em>debant,</em></span> <span class='ocrx_word' id='word_1_737' title='bbox 855 5149 998 5216; x_wconf 88' lang='lat' dir='ltr'><em>qnod</em></span> <span class='ocrx_word' id='word_1_738' title='bbox 1063 5151 1299 5204; x_wconf 84' lang='lat' dir='ltr'><em>nesciret</em></span> <span class='ocrx_word' id='word_1_739' title='bbox 1365 5150 1546 5217; x_wconf 74' lang='lat' dir='ltr'><em>digitis</em></span> <span class='ocrx_word' id='word_1_740' title='bbox 1597 5151 1905 5218; x_wconf 83' lang='lat' dir='ltr'><em>exprimere</em></span> <span class='ocrx_word' id='word_1_741' title='bbox 1969 5150 2145 5212; x_wconf 75' lang='lat' dir='ltr'><em>sabas,</em></span> 
     </span>
     <span class='ocr_line' id='line_1_108' title="bbox 567 5218 2151 5290; baseline 0.004 -22"><span class='ocrx_word' id='word_1_742' title='bbox 567 5229 815 5284; x_wconf 85' lang='lat' dir='ltr'><em>caseum,</em></span> <span class='ocrx_word' id='word_1_743' title='bbox 862 5234 962 5272; x_wconf 77' lang='lat' dir='ltr'><em>ova</em></span> <span class='ocrx_word' id='word_1_744' title='bbox 997 5231 1051 5273; x_wconf 87' lang='lat' dir='ltr'><em>et</em></span> <span class='ocrx_word' id='word_1_745' title='bbox 1078 5222 1181 5275; x_wconf 88' lang='lat' dir='ltr'><em>alia</em></span> <span class='ocrx_word' id='word_1_746' title='bbox 1219 5221 1627 5290; x_wconf 81' lang='lat' dir='ltr'><em>hujuscemodi,</em></span> <span class='ocrx_word' id='word_1_747' title='bbox 1661 5235 1780 5288; x_wconf 75' lang='lat' dir='ltr'><em>qttae</em></span> <span class='ocrx_word' id='word_1_748' title='bbox 1821 5218 1990 5288; x_wconf 76' lang='lat' dir='ltr'><em>signis</em></span> <span class='ocrx_word' id='word_1_749' title='bbox 2029 5222 2151 5289; x_wconf 86' lang='lat' dir='ltr'><em>qui-</em></span> 
     </span>
     <span class='ocr_line' id='line_1_109' title="bbox 566 5284 2150 5408; baseline 0.003 -70"><span class='ocrx_word' id='word_1_750' title='bbox 566 5284 797 5408; x_wconf 72' lang='lat' dir='ltr'><em>¹busdam</em></span> <span class='ocrx_word' id='word_1_751' title='bbox 844 5292 1021 5360; x_wconf 78' lang='lat' dir='ltr'><em>expeti</em></span> <span class='ocrx_word' id='word_1_752' title='bbox 1068 5301 1125 5345; x_wconf 89' lang='lat' dir='ltr'><em>ct</em></span> <span class='ocrx_word' id='word_1_753' title='bbox 1150 5290 1423 5361; x_wconf 73' lang='lat' dir='ltr'><em>designari</em></span> <span class='ocrx_word' id='word_1_754' title='bbox 1476 5290 1679 5346; x_wconf 76' lang='lat' dir='ltr'><em>silentii</em></span> <span class='ocrx_word' id='word_1_755' title='bbox 1729 5299 1975 5358; x_wconf 84' lang='lat' dir='ltr'><em>tempore</em></span> <span class='ocrx_word' id='word_1_756' title='bbox 2008 5291 2150 5343; x_wconf 85' lang='lat' dir='ltr'><em>sule-</em></span> 
     </span>
     <span class='ocr_line' id='line_1_110' title="bbox 584 5365 710 5411; baseline -0.008 -4"><span class='ocrx_word' id='word_1_757' title='bbox 584 5365 710 5411; x_wconf 72' lang='lat' dir='ltr'><em>tutti.</em></span> 
     </span>
    </p>

    <p class='ocr_par' dir='ltr' id='par_1_20' title="bbox 565 5425 2145 5853">
     <span class='ocr_line' id='line_1_111' title="bbox 638 5425 2145 5500; baseline 0.004 -22"><span class='ocrx_word' id='word_1_758' title='bbox 638 5425 791 5480; x_wconf 80' lang='lat' dir='ltr'><em>Licet</em></span> <span class='ocrx_word' id='word_1_759' title='bbox 817 5430 1014 5484; x_wconf 71' lang='lat' dir='ltr'><em>eximia</em></span> <span class='ocrx_word' id='word_1_760' title='bbox 1056 5431 1230 5500; x_wconf 86' lang='lat' dir='ltr'><em>pietas</em></span> <span class='ocrx_word' id='word_1_761' title='bbox 1256 5437 1311 5484; x_wconf 90' lang='lat' dir='ltr'><em>et</em></span> <span class='ocrx_word' id='word_1_762' title='bbox 1341 5443 1495 5485; x_wconf 83' lang='lat' dir='ltr'><em>amor</em></span> <span class='ocrx_word' id='word_1_763' title='bbox 1544 5430 1831 5500; x_wconf 81' lang='lat' dir='ltr'><em>singularis</em></span> <span class='ocrx_word' id='word_1_764' title='bbox 1876 5445 1984 5499; x_wconf 91' lang='lat' dir='ltr'><em>quo</em></span> <span class='ocrx_word' id='word_1_765' title='bbox 2017 5443 2145 5498; x_wconf 79' lang='lat' dir='ltr'><em>erga</em></span> 
     </span>
     <span class='ocr_line' id='line_1_112' title="bbox 565 5493 2140 5566; baseline 0.002 -17"><span class='ocrx_word' id='word_1_766' title='bbox 565 5493 734 5550; x_wconf 76' lang='lat' dir='ltr'><em>Deum</em></span> <span class='ocrx_word' id='word_1_767' title='bbox 766 5509 822 5553; x_wconf 84' lang='lat' dir='ltr'><em>et</em></span> <span class='ocrx_word' id='word_1_768' title='bbox 847 5499 1142 5556; x_wconf 75' lang='lat' dir='ltr'><em>Ecclesiam</em></span> <span class='ocrx_word' id='word_1_769' title='bbox 1172 5500 1477 5566; x_wconf 78' lang='lat' dir='ltr'><em>Stephanus</em></span> <span class='ocrx_word' id='word_1_770' title='bbox 1508 5504 1689 5555; x_wconf 84' lang='lat' dir='ltr'><em>noste&#39;t·</em></span> <span class='ocrx_word' id='word_1_771' title='bbox 1730 5505 2140 5560; x_wconf 78' lang='lat' dir='ltr'><em>incendebatur.</em></span> 
     </span>
     <span class='ocr_line' id='line_1_113' title="bbox 565 5569 2144 5640; baseline 0.003 -20"><span class='ocrx_word' id='word_1_772' title='bbox 565 5569 791 5622; x_wconf 83' lang='lat' dir='ltr'><em>scientia</em></span> <span class='ocrx_word' id='word_1_773' title='bbox 829 5580 885 5625; x_wconf 90' lang='lat' dir='ltr'><em>et</em></span> <span class='ocrx_word' id='word_1_774' title='bbox 936 5571 1264 5637; x_wconf 84' lang='lat' dir='ltr'><em>prudentia,</em></span> <span class='ocrx_word' id='word_1_775' title='bbox 1309 5573 1467 5640; x_wconf 85' lang='lat' dir='ltr'><em>quasi</em></span> <span class='ocrx_word' id='word_1_776' title='bbox 1526 5573 1734 5626; x_wconf 86' lang='lat' dir='ltr'><em>duobus</em></span> <span class='ocrx_word' id='word_1_777' title='bbox 1797 5571 2144 5624; x_wconf 80' lang='lat' dir='ltr'><em>validissimis</em></span> 
     </span>
     <span class='ocr_line' id='line_1_114' title="bbox 565 5640 2143 5759; baseline 0.001 -69"><span class='ocrx_word' id='word_1_778' title='bbox 565 5640 977 5759; x_wconf 57' lang='lat' dir='ltr'><em>propugnaculis</em></span> <span class='ocrx_word' id='word_1_779' title='bbox 1020 5641 1348 5706; x_wconf 84' lang='lat' dir='ltr'><em>muniretur,</em></span> <span class='ocrx_word' id='word_1_780' title='bbox 1375 5642 1619 5697; x_wconf 90' lang='lat' dir='ltr'><em>nonnulli</em></span> <span class='ocrx_word' id='word_1_781' title='bbox 1654 5653 1830 5696; x_wconf 80' lang='lat' dir='ltr'><em>tanum</em></span> <span class='ocrx_word' id='word_1_782' title='bbox 1875 5655 2000 5695; x_wconf 91' lang='lat' dir='ltr'><em>eum</em></span> <span class='ocrx_word' id='word_1_783' title='bbox 2052 5654 2143 5693; x_wconf 81' lang='lat' dir='ltr'><em>ve-</em></span> 
     </span>
     <span class='ocr_line' id='line_1_115' title="bbox 588 5708 2142 5780; baseline 0.004 -21"><span class='ocrx_word' id='word_1_784' title='bbox 588 5709 661 5761; x_wconf 86' lang='lat' dir='ltr'><em>uti</em></span> <span class='ocrx_word' id='word_1_785' title='bbox 689 5712 942 5775; x_wconf 76' lang='lat' dir='ltr'><em>juvenem</em></span> <span class='ocrx_word' id='word_1_786' title='bbox 994 5708 1473 5776; x_wconf 74' lang='lat' dir='ltr'><em>effervescentem,</em></span> <span class='ocrx_word' id='word_1_787' title='bbox 1509 5726 1610 5766; x_wconf 90' lang='lat' dir='ltr'><em>nec</em></span> <span class='ocrx_word' id='word_1_788' title='bbox 1639 5724 1787 5766; x_wconf 71' lang='lat' dir='ltr'><em>curre</em></span> <span class='ocrx_word' id='word_1_789' title='bbox 1816 5710 2142 5780; x_wconf 84' lang='lat' dir='ltr'><em>episcopalis</em></span> 
     </span>
     <span class='ocr_line' id='line_1_116' title="bbox 566 5778 2142 5853; baseline -0.008 -5"><span class='ocrx_word' id='word_1_790' title='bbox 566 5795 819 5849; x_wconf 67' lang='lat' dir='ltr'><em>rapacem</em></span> <span class='ocrx_word' id='word_1_791' title='bbox 862 5780 1316 5844; x_wconf 59' lang='lat' dir='ltr'><em>commun-baut.</em></span> <span class='ocrx_word' id='word_1_792' title='bbox 1352 5781 1659 5853; x_wconf 84' lang='lat' dir='ltr'><em>Stephanus</em></span> <span class='ocrx_word' id='word_1_793' title='bbox 1703 5791 1906 5847; x_wconf 76' lang='lat' dir='ltr'><em>autern,</em></span> <span class='ocrx_word' id='word_1_794' title='bbox 1941 5778 2142 5836; x_wconf 81' lang='lat' dir='ltr'><em>intelll-</em></span> 
     </span>
    </p>
   </div>
   <div class='ocr_carea' id='block_1_14' title="bbox 2243 3171 3856 5852">
    <p class='ocr_par' dir='ltr' id='par_1_21' title="bbox 2276 3171 3856 3316">
     <span class='ocr_line' id='line_1_117' title="bbox 2278 3171 3856 3244; baseline 0.011 -16"><span class='ocrx_word' id='word_1_795' title='bbox 2278 3171 2532 3229; x_wconf 79' lang='lat' dir='ltr'><em>Ecclesioe</em></span> <span class='ocrx_word' id='word_1_796' title='bbox 2550 3188 2667 3229; x_wconf 63' lang='lat' dir='ltr'><em>suar</em></span> <span class='ocrx_word' id='word_1_797' title='bbox 2690 3173 2916 3241; x_wconf 89' lang='lat' dir='ltr'><em>cultum,</em></span> <span class='ocrx_word' id='word_1_798' title='bbox 2946 3182 2999 3230; x_wconf 88' lang='lat' dir='ltr'><em>et</em></span> <span class='ocrx_word' id='word_1_799' title='bbox 3031 3175 3099 3231; x_wconf 85' lang='lat' dir='ltr'><em>ad</em></span> <span class='ocrx_word' id='word_1_800' title='bbox 3132 3174 3534 3235; x_wconf 87' lang='lat' dir='ltr'><em>solemnitatem</em></span> <span class='ocrx_word' id='word_1_801' title='bbox 3576 3184 3743 3243; x_wconf 84' lang='lat' dir='ltr'><em>divini</em></span> <span class='ocrx_word' id='word_1_802' title='bbox 3772 3193 3856 3244; x_wconf 89' lang='lat' dir='ltr'><em>ol·</em></span> 
     </span>
     <span class='ocr_line' id='line_1_118' title="bbox 2276 3243 3193 3316; baseline -0.001 -17"><span class='ocrx_word' id='word_1_803' title='bbox 2276 3243 2382 3299; x_wconf 86' lang='lat' dir='ltr'><em>llcii</em></span> <span class='ocrx_word' id='word_1_804' title='bbox 2418 3243 2796 3314; x_wconf 69' lang='lat' dir='ltr'><em>adaiig.·ndan1</em></span> <span class='ocrx_word' id='word_1_805' title='bbox 2834 3247 3193 3316; x_wconf 87' lang='lat' dir='ltr'><em>pertinerent.</em></span> 
     </span>
    </p>

    <p class='ocr_par' dir='ltr' id='par_1_22' title="bbox 2243 3312 3855 5852">
     <span class='ocr_line' id='line_1_119' title="bbox 2343 3312 3851 3388; baseline 0.015 -23"><span class='ocrx_word' id='word_1_806' title='bbox 2343 3315 2603 3381; x_wconf 79' lang='lat' dir='ltr'><em>Quamvis</em></span> <span class='ocrx_word' id='word_1_807' title='bbox 2635 3312 2946 3385; x_wconf 84' lang='lat' dir='ltr'><em>Stephanus</em></span> <span class='ocrx_word' id='word_1_808' title='bbox 2992 3314 3287 3385; x_wconf 87' lang='lat' dir='ltr'><em>tranquillo</em></span> <span class='ocrx_word' id='word_1_809' title='bbox 3337 3319 3627 3378; x_wconf 88' lang='lat' dir='ltr'><em>admodum</em></span> <span class='ocrx_word' id='word_1_810' title='bbox 3655 3337 3710 3383; x_wconf 89' lang='lat' dir='ltr'><em>et</em></span> <span class='ocrx_word' id='word_1_811' title='bbox 3744 3329 3851 3388; x_wconf 84' lang='lat' dir='ltr'><em>lent</em></span> 
     </span>
     <span class='ocr_line' id='line_1_120' title="bbox 2272 3385 3855 3461; baseline 0.013 -22"><span class='ocrx_word' id='word_1_812' title='bbox 2272 3385 2454 3439; x_wconf 86' lang='lat' dir='ltr'><em>animo</em></span> <span class='ocrx_word' id='word_1_813' title='bbox 2492 3385 2751 3453; x_wconf 68' lang='lat' dir='ltr'><em>praeditus</em></span> <span class='ocrx_word' id='word_1_814' title='bbox 2780 3385 2940 3452; x_wconf 79' lang='lat' dir='ltr'><em>soret,</em></span> <span class='ocrx_word' id='word_1_815' title='bbox 2975 3386 3118 3441; x_wconf 88' lang='lat' dir='ltr'><em>bunc</em></span> <span class='ocrx_word' id='word_1_816' title='bbox 3152 3399 3332 3442; x_wconf 85' lang='lat' dir='ltr'><em>tamen</em></span> <span class='ocrx_word' id='word_1_817' title='bbox 3363 3389 3540 3447; x_wconf 88' lang='lat' dir='ltr'><em>tribus</em></span> <span class='ocrx_word' id='word_1_818' title='bbox 3561 3392 3855 3461; x_wconf 87' lang='lat' dir='ltr'><em>horrendis</em></span> 
     </span>
     <span class='ocr_line' id='line_1_121' title="bbox 2274 3454 3850 3538; baseline 0.004 -28"><span class='ocrx_word' id='word_1_819' title='bbox 2274 3455 2581 3510; x_wconf 85' lang='lat' dir='ltr'><em>turbinibus</em></span> <span class='ocrx_word' id='word_1_820' title='bbox 2595 3454 2883 3525; x_wconf 84' lang='lat' dir='ltr'><em>jactatum,</em></span> <span class='ocrx_word' id='word_1_821' title='bbox 2919 3455 3509 3531; x_wconf 84' lang='lat' dir='ltr'><em>periculosissimisque</em></span> <span class='ocrx_word' id='word_1_822' title='bbox 3554 3473 3850 3538; x_wconf 85' lang='lat' dir='ltr'><em>tempesta..</em></span> 
     </span>
     <span class='ocr_line' id='line_1_122' title="bbox 2272 3526 3854 3609; baseline 0.009 -30"><span class='ocrx_word' id='word_1_823' title='bbox 2272 3526 2417 3581; x_wconf 81' lang='lat' dir='ltr'><em>tibus</em></span> <span class='ocrx_word' id='word_1_824' title='bbox 2459 3528 2830 3582; x_wconf 76' lang='lat' dir='ltr'><em>conflictatum</em></span> <span class='ocrx_word' id='word_1_825' title='bbox 2879 3527 3195 3597; x_wconf 86' lang='lat' dir='ltr'><em>conspicere</em></span> <span class='ocrx_word' id='word_1_826' title='bbox 3229 3537 3331 3586; x_wconf 84' lang='lat' dir='ltr'><em>est.</em></span> <span class='ocrx_word' id='word_1_827' title='bbox 3377 3529 3592 3591; x_wconf 74' lang='lat' dir='ltr'><em>Primos</em></span> <span class='ocrx_word' id='word_1_828' title='bbox 3624 3537 3854 3609; x_wconf 63' lang='lat' dir='ltr'><em>huiusce</em></span> 
     </span>
     <span class='ocr_line' id='line_1_123' title="bbox 2272 3597 3852 3681; baseline 0.014 -32"><span class='ocrx_word' id='word_1_829' title='bbox 2272 3607 2452 3651; x_wconf 87' lang='lat' dir='ltr'><em>motus</em></span> <span class='ocrx_word' id='word_1_830' title='bbox 2488 3598 2802 3651; x_wconf 79' lang='lat' dir='ltr'><em>excitarunt</em></span> <span class='ocrx_word' id='word_1_831' title='bbox 2833 3597 3069 3653; x_wconf 89' lang='lat' dir='ltr'><em>ministri</em></span> <span class='ocrx_word' id='word_1_832' title='bbox 3104 3601 3299 3653; x_wconf 89' lang='lat' dir='ltr'><em>summi</em></span> <span class='ocrx_word' id='word_1_833' title='bbox 3325 3602 3599 3668; x_wconf 87' lang='lat' dir='ltr'><em>pontilicis</em></span> <span class='ocrx_word' id='word_1_834' title='bbox 3629 3610 3852 3681; x_wconf 87' lang='lat' dir='ltr'><em>(quibus</em></span> 
     </span>
     <span class='ocr_line' id='line_1_124' title="bbox 2275 3666 3847 3753; baseline 0.013 -33"><span class='ocrx_word' id='word_1_835' title='bbox 2275 3666 2583 3738; x_wconf 80' lang='lat' dir='ltr'><em>impositam</em></span> <span class='ocrx_word' id='word_1_836' title='bbox 2630 3670 2872 3737; x_wconf 82' lang='lat' dir='ltr'><em>pecuniae</em></span> <span class='ocrx_word' id='word_1_837' title='bbox 2901 3683 3168 3723; x_wconf 86' lang='lat' dir='ltr'><em>summam</em></span> <span class='ocrx_word' id='word_1_838' title='bbox 3211 3684 3318 3724; x_wconf 89' lang='lat' dir='ltr'><em>non</em></span> <span class='ocrx_word' id='word_1_839' title='bbox 3351 3673 3527 3730; x_wconf 87' lang='lat' dir='ltr'><em>adbuc</em></span> <span class='ocrx_word' id='word_1_840' title='bbox 3562 3676 3847 3753; x_wconf 64' lang='lat' dir='ltr'><em>solverat).</em></span> 
     </span>
     <span class='ocr_line' id='line_1_125' title="bbox 2270 3738 3849 3812; baseline 0.014 -21"><span class='ocrx_word' id='word_1_841' title='bbox 2270 3738 2603 3806; x_wconf 75' lang='lat' dir='ltr'><em>conceptum</em></span> <span class='ocrx_word' id='word_1_842' title='bbox 2649 3754 2716 3794; x_wconf 85' lang='lat' dir='ltr'><em>ex</em></span> <span class='ocrx_word' id='word_1_843' title='bbox 2742 3740 2959 3806; x_wconf 85' lang='lat' dir='ltr'><em>injuriis</em></span> <span class='ocrx_word' id='word_1_844' title='bbox 3003 3740 3106 3794; x_wconf 79' lang='lat' dir='ltr'><em>sibi</em></span> <span class='ocrx_word' id='word_1_845' title='bbox 3149 3740 3348 3811; x_wconf 83' lang='lat' dir='ltr'><em>injuste</em></span> <span class='ocrx_word' id='word_1_846' title='bbox 3389 3741 3563 3802; x_wconf 86' lang='lat' dir='ltr'><em>illatis</em></span> <span class='ocrx_word' id='word_1_847' title='bbox 3608 3751 3849 3812; x_wconf 87' lang='lat' dir='ltr'><em>dolorem</em></span> 
     </span>
     <span class='ocr_line' id='line_1_126' title="bbox 2271 3806 3849 3882; baseline 0.013 -21"><span class='ocrx_word' id='word_1_848' title='bbox 2271 3806 2325 3861; x_wconf 88' lang='lat' dir='ltr'><em>in</em></span> <span class='ocrx_word' id='word_1_849' title='bbox 2373 3820 2623 3863; x_wconf 83' lang='lat' dir='ltr'><em>auctores</em></span> <span class='ocrx_word' id='word_1_850' title='bbox 2650 3823 2753 3863; x_wconf 87' lang='lat' dir='ltr'><em>non</em></span> <span class='ocrx_word' id='word_1_851' title='bbox 2797 3808 2986 3865; x_wconf 77' lang='lat' dir='ltr'><em>effudit</em></span> <span class='ocrx_word' id='word_1_852' title='bbox 3018 3812 3099 3866; x_wconf 83' lang='lat' dir='ltr'><em>vir</em></span> <span class='ocrx_word' id='word_1_853' title='bbox 3136 3814 3396 3878; x_wconf 87' lang='lat' dir='ltr'><em>prudens,</em></span> <span class='ocrx_word' id='word_1_854' title='bbox 3426 3816 3519 3871; x_wconf 85' lang='lat' dir='ltr'><em>sed</em></span> <span class='ocrx_word' id='word_1_855' title='bbox 3543 3817 3849 3882; x_wconf 86' lang='lat' dir='ltr'><em>clanculum</em></span> 
     </span>
     <span class='ocr_line' id='line_1_127' title="bbox 2269 3877 3849 3955; baseline 0.012 -24"><span class='ocrx_word' id='word_1_856' title='bbox 2269 3877 2462 3932; x_wconf 86' lang='lat' dir='ltr'><em>amieis</em></span> <span class='ocrx_word' id='word_1_857' title='bbox 2492 3880 2605 3934; x_wconf 90' lang='lat' dir='ltr'><em>suis</em></span> <span class='ocrx_word' id='word_1_858' title='bbox 2630 3881 2855 3945; x_wconf 83' lang='lat' dir='ltr'><em>detexit,</em></span> <span class='ocrx_word' id='word_1_859' title='bbox 2891 3890 2948 3935; x_wconf 89' lang='lat' dir='ltr'><em>et</em></span> <span class='ocrx_word' id='word_1_860' title='bbox 2994 3882 3265 3950; x_wconf 70' lang='lat' dir='ltr'><em>praecipue</em></span> <span class='ocrx_word' id='word_1_861' title='bbox 3305 3883 3560 3955; x_wconf 89' lang='lat' dir='ltr'><em>episeopo</em></span> <span class='ocrx_word' id='word_1_862' title='bbox 3595 3890 3849 3950; x_wconf 86' lang='lat' dir='ltr'><em>Suessio-</em></span> 
     </span>
     <span class='ocr_line' id='line_1_128' title="bbox 2269 3948 3847 4022; baseline 0.008 -21"><span class='ocrx_word' id='word_1_863' title='bbox 2269 3948 2421 4001; x_wconf 88' lang='lat' dir='ltr'><em>nensi</em></span> <span class='ocrx_word' id='word_1_864' title='bbox 2451 3949 2638 4003; x_wconf 88' lang='lat' dir='ltr'><em>iisdem</em></span> <span class='ocrx_word' id='word_1_865' title='bbox 2667 3952 2932 4020; x_wconf 82' lang='lat' dir='ltr'><em>angustiis</em></span> <span class='ocrx_word' id='word_1_866' title='bbox 2961 3952 3251 4020; x_wconf 78' lang='lat' dir='ltr'><em>implicito,</em></span> <span class='ocrx_word' id='word_1_867' title='bbox 3281 3953 3334 4007; x_wconf 91' lang='lat' dir='ltr'><em>in</em></span> <span class='ocrx_word' id='word_1_868' title='bbox 3378 3954 3532 4022; x_wconf 81' lang='lat' dir='ltr'><em>cujus</em></span> <span class='ocrx_word' id='word_1_869' title='bbox 3561 3958 3847 4021; x_wconf 80' lang='lat' dir='ltr'><em>dioecesim</em></span> 
     </span>
     <span class='ocr_line' id='line_1_129' title="bbox 2268 4018 3848 4105; baseline 0.008 -33"><span class='ocrx_word' id='word_1_870' title='bbox 2268 4032 2388 4072; x_wconf 81' lang='lat' dir='ltr'><em>sese</em></span> <span class='ocrx_word' id='word_1_871' title='bbox 2432 4028 2731 4087; x_wconf 85' lang='lat' dir='ltr'><em>receperat,</em></span> <span class='ocrx_word' id='word_1_872' title='bbox 2758 4021 2970 4074; x_wconf 86' lang='lat' dir='ltr'><em>scilicet</em></span> <span class='ocrx_word' id='word_1_873' title='bbox 3000 4023 3052 4074; x_wconf 91' lang='lat' dir='ltr'><em>in</em></span> <span class='ocrx_word' id='word_1_874' title='bbox 3095 4018 3277 4076; x_wconf 84' lang='lat' dir='ltr'><em>villam</em></span> <span class='ocrx_word' id='word_1_875' title='bbox 3324 4022 3700 4099; x_wconf 66' lang='lat' dir='ltr'><em>marisiae-arn,</em></span> <span class='ocrx_word' id='word_1_876' title='bbox 3725 4049 3848 4105; x_wconf 75' lang='lat' dir='ltr'><em>quae</em></span> 
     </span>
     <span class='ocr_line' id='line_1_130' title="bbox 2267 4087 3847 4167; baseline 0.008 -24"><span class='ocrx_word' id='word_1_877' title='bbox 2267 4090 2335 4143; x_wconf 80' lang='lat' dir='ltr'><em>ad</em></span> <span class='ocrx_word' id='word_1_878' title='bbox 2368 4087 2637 4143; x_wconf 77' lang='lat' dir='ltr'><em>abbatiani</em></span> <span class='ocrx_word' id='word_1_879' title='bbox 2672 4088 2885 4144; x_wconf 68' lang='lat' dir='ltr'><em>Sanctae</em></span> <span class='ocrx_word' id='word_1_880' title='bbox 2907 4089 3199 4146; x_wconf 75' lang='lat' dir='ltr'><em>Genovesae</em></span> <span class='ocrx_word' id='word_1_881' title='bbox 3242 4094 3571 4163; x_wconf 80' lang='lat' dir='ltr'><em>pertinebat,</em></span> <span class='ocrx_word' id='word_1_882' title='bbox 3601 4109 3658 4154; x_wconf 92' lang='lat' dir='ltr'><em>ut</em></span> <span class='ocrx_word' id='word_1_883' title='bbox 3685 4100 3847 4167; x_wconf 62' lang='lat' dir='ltr'><em>binos</em></span> 
     </span>
     <span class='ocr_line' id='line_1_131' title="bbox 2266 4160 3844 4236; baseline 0.012 -27"><span class='ocrx_word' id='word_1_884' title='bbox 2266 4160 2349 4214; x_wconf 83' lang='lat' dir='ltr'><em>sui</em></span> <span class='ocrx_word' id='word_1_885' title='bbox 2396 4160 2742 4228; x_wconf 84' lang='lat' dir='ltr'><em>episcopatus</em></span> <span class='ocrx_word' id='word_1_886' title='bbox 2772 4172 3068 4229; x_wconf 77' lang='lat' dir='ltr'><em>proventus</em></span> <span class='ocrx_word' id='word_1_887' title='bbox 3111 4175 3320 4219; x_wconf 87' lang='lat' dir='ltr'><em>annuos</em></span> <span class='ocrx_word' id='word_1_888' title='bbox 3361 4166 3430 4220; x_wconf 88' lang='lat' dir='ltr'><em>ad</em></span> <span class='ocrx_word' id='word_1_889' title='bbox 3473 4166 3637 4236; x_wconf 73' lang='lat' dir='ltr'><em>huius</em></span> <span class='ocrx_word' id='word_1_890' title='bbox 3674 4162 3844 4234; x_wconf 73' lang='lat' dir='ltr'><em>debiti</em></span> 
     </span>
     <span class='ocr_line' id='line_1_132' title="bbox 2265 4230 3842 4313; baseline 0.012 -29"><span class='ocrx_word' id='word_1_891' title='bbox 2265 4230 2591 4284; x_wconf 88' lang='lat' dir='ltr'><em>solutionem</em></span> <span class='ocrx_word' id='word_1_892' title='bbox 2641 4231 2959 4286; x_wconf 81' lang='lat' dir='ltr'><em>dimitteret.</em></span> <span class='ocrx_word' id='word_1_893' title='bbox 3014 4232 3127 4286; x_wconf 76' lang='lat' dir='ltr'><em>liae</em></span> <span class='ocrx_word' id='word_1_894' title='bbox 3188 4237 3375 4292; x_wconf 88' lang='lat' dir='ltr'><em>sedata</em></span> <span class='ocrx_word' id='word_1_895' title='bbox 3425 4244 3483 4290; x_wconf 90' lang='lat' dir='ltr'><em>et</em></span> <span class='ocrx_word' id='word_1_896' title='bbox 3530 4254 3842 4313; x_wconf 80' lang='lat' dir='ltr'><em>compressa</em></span> 
     </span>
     <span class='ocr_line' id='line_1_133' title="bbox 2268 4300 3846 4385; baseline 0.011 -30"><span class='ocrx_word' id='word_1_897' title='bbox 2268 4310 2580 4372; x_wconf 86' lang='lat' dir='ltr'><em>tempestate</em></span> <span class='ocrx_word' id='word_1_898' title='bbox 2611 4300 2919 4357; x_wconf 77' lang='lat' dir='ltr'><em>Tornacum</em></span> <span class='ocrx_word' id='word_1_899' title='bbox 2967 4304 3167 4368; x_wconf 83' lang='lat' dir='ltr'><em>rediit,</em></span> <span class='ocrx_word' id='word_1_900' title='bbox 3196 4321 3322 4361; x_wconf 83' lang='lat' dir='ltr'><em>cuin</em></span> <span class='ocrx_word' id='word_1_901' title='bbox 3371 4321 3500 4364; x_wconf 85' lang='lat' dir='ltr'><em>ecee</em></span> <span class='ocrx_word' id='word_1_902' title='bbox 3549 4314 3846 4385; x_wconf 68' lang='lat' dir='ltr'><em>derepente</em></span> 
     </span>
     <span class='ocr_line' id='line_1_134' title="bbox 2266 4373 3844 4443; baseline 0.01 -17"><span class='ocrx_word' id='word_1_903' title='bbox 2266 4388 2402 4426; x_wconf 78' lang='lat' dir='ltr'><em>nora</em></span> <span class='ocrx_word' id='word_1_904' title='bbox 2442 4379 2737 4441; x_wconf 87' lang='lat' dir='ltr'><em>tempestas</em></span> <span class='ocrx_word' id='word_1_905' title='bbox 2784 4373 3051 4430; x_wconf 81' lang='lat' dir='ltr'><em>exoritur.</em></span> <span class='ocrx_word' id='word_1_906' title='bbox 3098 4374 3400 4434; x_wconf 86' lang='lat' dir='ltr'><em>Balduinns</em></span> <span class='ocrx_word' id='word_1_907' title='bbox 3445 4378 3583 4436; x_wconf 82' lang='lat' dir='ltr'><em>civis</em></span> <span class='ocrx_word' id='word_1_908' title='bbox 3631 4382 3844 4443; x_wconf 81' lang='lat' dir='ltr'><em>Torna-</em></span> 
     </span>
     <span class='ocr_line' id='line_1_135' title="bbox 2264 4442 3842 4526; baseline 0.011 -29"><span class='ocrx_word' id='word_1_909' title='bbox 2264 4443 2462 4507; x_wconf 82' lang='lat' dir='ltr'><em>censis.</em></span> <span class='ocrx_word' id='word_1_910' title='bbox 2496 4442 2719 4498; x_wconf 78' lang='lat' dir='ltr'><em>fundata</em></span> <span class='ocrx_word' id='word_1_911' title='bbox 2748 4444 2802 4498; x_wconf 89' lang='lat' dir='ltr'><em>in</em></span> <span class='ocrx_word' id='word_1_912' title='bbox 2827 4445 3063 4501; x_wconf 79' lang='lat' dir='ltr'><em>ecclesia</em></span> <span class='ocrx_word' id='word_1_913' title='bbox 3110 4448 3435 4517; x_wconf 82' lang='lat' dir='ltr'><em>cathedrali,</em></span> <span class='ocrx_word' id='word_1_914' title='bbox 3465 4452 3658 4518; x_wconf 87' lang='lat' dir='ltr'><em>quinta</em></span> <span class='ocrx_word' id='word_1_915' title='bbox 3704 4473 3842 4526; x_wconf 67' lang='lat' dir='ltr'><em>prze-</em></span> 
     </span>
     <span class='ocr_line' id='line_1_136' title="bbox 2257 4513 3843 4586; baseline 0.011 -19"><span class='ocrx_word' id='word_1_916' title='bbox 2257 4513 2453 4579; x_wconf 86' lang='lat' dir='ltr'><em>benda,</em></span> <span class='ocrx_word' id='word_1_917' title='bbox 2471 4528 2591 4584; x_wconf 80' lang='lat' dir='ltr'><em>quae</em></span> <span class='ocrx_word' id='word_1_918' title='bbox 2613 4515 2991 4572; x_wconf 87' lang='lat' dir='ltr'><em>sacerdotibus</em></span> <span class='ocrx_word' id='word_1_919' title='bbox 3018 4517 3278 4586; x_wconf 86' lang='lat' dir='ltr'><em>majorem</em></span> <span class='ocrx_word' id='word_1_920' title='bbox 3314 4521 3530 4576; x_wconf 82' lang='lat' dir='ltr'><em>missam</em></span> <span class='ocrx_word' id='word_1_921' title='bbox 3559 4528 3843 4584; x_wconf 87' lang='lat' dir='ltr'><em>celebran-</em></span> 
     </span>
     <span class='ocr_line' id='line_1_137' title="bbox 2258 4584 3840 4670; baseline 0.011 -34"><span class='ocrx_word' id='word_1_922' title='bbox 2258 4585 2403 4637; x_wconf 86' lang='lat' dir='ltr'><em>tibus</em></span> <span class='ocrx_word' id='word_1_923' title='bbox 2429 4584 2818 4650; x_wconf 89' lang='lat' dir='ltr'><em>destinaretur,</em></span> <span class='ocrx_word' id='word_1_924' title='bbox 2853 4589 3159 4657; x_wconf 87' lang='lat' dir='ltr'><em>episcopus,</em></span> <span class='ocrx_word' id='word_1_925' title='bbox 3190 4601 3458 4662; x_wconf 72' lang='lat' dir='ltr'><em>regnante</em></span> <span class='ocrx_word' id='word_1_926' title='bbox 3485 4594 3651 4650; x_wconf 85' lang='lat' dir='ltr'><em>etiarn</em></span> <span class='ocrx_word' id='word_1_927' title='bbox 3688 4602 3840 4670; x_wconf 83' lang='lat' dir='ltr'><em>capi·-</em></span> 
     </span>
     <span class='ocr_line' id='line_1_138' title="bbox 2257 4654 3838 4733; baseline 0.012 -28"><span class='ocrx_word' id='word_1_928' title='bbox 2257 4654 2405 4718; x_wconf 84' lang='lat' dir='ltr'><em>tulo,</em></span> <span class='ocrx_word' id='word_1_929' title='bbox 2436 4655 2528 4709; x_wconf 87' lang='lat' dir='ltr'><em>nni</em></span> <span class='ocrx_word' id='word_1_930' title='bbox 2569 4657 2798 4711; x_wconf 87' lang='lat' dir='ltr'><em>contulit</em></span> <span class='ocrx_word' id='word_1_931' title='bbox 2840 4674 2903 4712; x_wconf 82' lang='lat' dir='ltr'><em>ex</em></span> <span class='ocrx_word' id='word_1_932' title='bbox 2956 4659 3238 4715; x_wconf 82' lang='lat' dir='ltr'><em>canonicis</em></span> <span class='ocrx_word' id='word_1_933' title='bbox 3287 4661 3344 4713; x_wconf 84' lang='lat' dir='ltr'><em>S.</em></span> <span class='ocrx_word' id='word_1_934' title='bbox 3370 4660 3436 4716; x_wconf 87' lang='lat' dir='ltr'><em>G.</em></span> <span class='ocrx_word' id='word_1_935' title='bbox 3476 4679 3613 4733; x_wconf 86' lang='lat' dir='ltr'><em>quos</em></span> <span class='ocrx_word' id='word_1_936' title='bbox 3654 4683 3838 4724; x_wconf 83' lang='lat' dir='ltr'><em>secum</em></span> 
     </span>
     <span class='ocr_line' id='line_1_139' title="bbox 2259 4725 3840 4801; baseline 0.011 -25"><span class='ocrx_word' id='word_1_937' title='bbox 2259 4725 2570 4779; x_wconf 81' lang='lat' dir='ltr'><em>adduxerat.</em></span> <span class='ocrx_word' id='word_1_938' title='bbox 2603 4725 2732 4780; x_wconf 82' lang='lat' dir='ltr'><em>Post</em></span> <span class='ocrx_word' id='word_1_939' title='bbox 2756 4743 2956 4782; x_wconf 86' lang='lat' dir='ltr'><em>annmn</em></span> <span class='ocrx_word' id='word_1_940' title='bbox 2989 4729 3231 4796; x_wconf 85' lang='lat' dir='ltr'><em>elapsum</em></span> <span class='ocrx_word' id='word_1_941' title='bbox 3271 4731 3323 4784; x_wconf 91' lang='lat' dir='ltr'><em>in</em></span> <span class='ocrx_word' id='word_1_942' title='bbox 3357 4734 3645 4801; x_wconf 83' lang='lat' dir='ltr'><em>tranquilla</em></span> <span class='ocrx_word' id='word_1_943' title='bbox 3669 4737 3840 4794; x_wconf 86' lang='lat' dir='ltr'><em>bene-</em></span> 
     </span>
     <span class='ocr_line' id='line_1_140' title="bbox 2257 4795 3835 4877; baseline 0.01 -31"><span class='ocrx_word' id='word_1_944' title='bbox 2257 4795 2362 4848; x_wconf 89' lang='lat' dir='ltr'><em>tleii</em></span> <span class='ocrx_word' id='word_1_945' title='bbox 2393 4797 2762 4866; x_wconf 83' lang='lat' dir='ltr'><em>possessione,</em></span> <span class='ocrx_word' id='word_1_946' title='bbox 2791 4800 2978 4853; x_wconf 63' lang='lat' dir='ltr'><em>nescio</em></span> <span class='ocrx_word' id='word_1_947' title='bbox 3002 4813 3110 4867; x_wconf 76' lang='lat' dir='ltr'><em>qun</em></span> <span class='ocrx_word' id='word_1_948' title='bbox 3134 4809 3294 4869; x_wconf 77' lang='lat' dir='ltr'><em>pacta</em></span> <span class='ocrx_word' id='word_1_949' title='bbox 3322 4801 3375 4857; x_wconf 80' lang='lat' dir='ltr'><em>in</em></span> <span class='ocrx_word' id='word_1_950' title='bbox 3403 4805 3583 4857; x_wconf 69' lang='lat' dir='ltr'><em>ollium</em></span> <span class='ocrx_word' id='word_1_951' title='bbox 3615 4809 3835 4877; x_wconf 75' lang='lat' dir='ltr'><em>capituli</em></span> 
     </span>
     <span class='ocr_line' id='line_1_141' title="bbox 2256 4864 3831 4945; baseline 0.01 -29"><span class='ocrx_word' id='word_1_952' title='bbox 2256 4864 2504 4931; x_wconf 83' lang='lat' dir='ltr'><em>incurrit.</em></span> <span class='ocrx_word' id='word_1_953' title='bbox 2539 4868 2614 4919; x_wconf 88' lang='lat' dir='ltr'><em>ita</em></span> <span class='ocrx_word' id='word_1_954' title='bbox 2640 4875 2700 4920; x_wconf 89' lang='lat' dir='ltr'><em>ut</em></span> <span class='ocrx_word' id='word_1_955' title='bbox 2736 4884 2860 4922; x_wconf 82' lang='lat' dir='ltr'><em>cuin</em></span> <span class='ocrx_word' id='word_1_956' title='bbox 2890 4885 2994 4921; x_wconf 73' lang='lat' dir='ltr'><em>tlon</em></span> <span class='ocrx_word' id='word_1_957' title='bbox 3028 4873 3186 4925; x_wconf 70' lang='lat' dir='ltr'><em>[trudu-</em></span> <span class='ocrx_word' id='word_1_958' title='bbox 3218 4869 3483 4925; x_wconf 69' lang='lat' dir='ltr'><em>butt-elicit]</em></span> <span class='ocrx_word' id='word_1_959' title='bbox 3515 4877 3831 4945; x_wconf 66' lang='lat' dir='ltr'><em>privaret-it,</em></span> 
     </span>
     <span class='ocr_line' id='line_1_142' title="bbox 2253 4935 3835 5017; baseline 0.011 -29"><span class='ocrx_word' id='word_1_960' title='bbox 2253 4935 2531 4989; x_wconf 83' lang='lat' dir='ltr'><em>sedetiam</em></span> <span class='ocrx_word' id='word_1_961' title='bbox 2562 4937 2861 5006; x_wconf 78' lang='lat' dir='ltr'><em>ingressum</em></span> <span class='ocrx_word' id='word_1_962' title='bbox 2910 4937 3158 4993; x_wconf 61' lang='lat' dir='ltr'><em>ecclcsiae</em></span> <span class='ocrx_word' id='word_1_963' title='bbox 3202 4937 3563 5013; x_wconf 69' lang='lat' dir='ltr'><em>prullihtterlt.</em></span> <span class='ocrx_word' id='word_1_964' title='bbox 3615 4949 3835 5017; x_wconf 67' lang='lat' dir='ltr'><em>Epiacu-</em></span> 
     </span>
     <span class='ocr_line' id='line_1_143' title="bbox 2254 5005 3835 5089; baseline 0.011 -32"><span class='ocrx_word' id='word_1_965' title='bbox 2254 5017 2376 5072; x_wconf 81' lang='lat' dir='ltr'><em>pus,</em></span> <span class='ocrx_word' id='word_1_966' title='bbox 2405 5005 2457 5059; x_wconf 90' lang='lat' dir='ltr'><em>id</em></span> <span class='ocrx_word' id='word_1_967' title='bbox 2502 5007 2725 5060; x_wconf 86' lang='lat' dir='ltr'><em>minime</em></span> <span class='ocrx_word' id='word_1_968' title='bbox 2768 5007 3051 5061; x_wconf 76' lang='lat' dir='ltr'><em>terendum</em></span> <span class='ocrx_word' id='word_1_969' title='bbox 3102 5021 3274 5077; x_wconf 75' lang='lat' dir='ltr'><em>ratus.</em></span> <span class='ocrx_word' id='word_1_970' title='bbox 3302 5013 3699 5089; x_wconf 70' lang='lat' dir='ltr'><em>arcldepiscnpi</em></span> <span class='ocrx_word' id='word_1_971' title='bbox 3727 5021 3835 5077; x_wconf 54' lang='lat' dir='ltr'><em>He*</em></span> 
     </span>
     <span class='ocr_line' id='line_1_144' title="bbox 2254 5076 3835 5149; baseline 0.004 -22"><span class='ocrx_word' id='word_1_972' title='bbox 2254 5076 2454 5129; x_wconf 89' lang='lat' dir='ltr'><em>mensis</em></span> <span class='ocrx_word' id='word_1_973' title='bbox 2505 5077 2765 5131; x_wconf 70' lang='lat' dir='ltr'><em>alixilium</em></span> <span class='ocrx_word' id='word_1_974' title='bbox 2804 5079 3133 5145; x_wconf 60' lang='lat' dir='ltr'><em>imploravit.</em></span> <span class='ocrx_word' id='word_1_975' title='bbox 3162 5081 3257 5149; x_wconf 79' lang='lat' dir='ltr'><em>qni</em></span> <span class='ocrx_word' id='word_1_976' title='bbox 3310 5077 3715 5145; x_wconf 68' lang='lat' dir='ltr'><em>relicitienlibus</em></span> <span class='ocrx_word' id='word_1_977' title='bbox 3747 5097 3835 5149; x_wconf 68' lang='lat' dir='ltr'><em>ln.</em></span> 
     </span>
     <span class='ocr_line' id='line_1_145' title="bbox 2254 5149 3831 5222; baseline 0.013 -25"><span class='ocrx_word' id='word_1_978' title='bbox 2254 5153 2387 5201; x_wconf 81' lang='lat' dir='ltr'><em>teris</em></span> <span class='ocrx_word' id='word_1_979' title='bbox 2435 5149 2572 5200; x_wconf 66' lang='lat' dir='ltr'><em>ardeo</em></span> <span class='ocrx_word' id='word_1_980' title='bbox 2632 5150 2926 5203; x_wconf 72' lang='lat' dir='ltr'><em>canonicus</em></span> <span class='ocrx_word' id='word_1_981' title='bbox 2982 5153 3306 5222; x_wconf 65' lang='lat' dir='ltr'><em>intitulavit,</em></span> <span class='ocrx_word' id='word_1_982' title='bbox 3340 5161 3399 5210; x_wconf 82' lang='lat' dir='ltr'><em>nl.</em></span> <span class='ocrx_word' id='word_1_983' title='bbox 3451 5161 3727 5214; x_wconf 66' lang='lat' dir='ltr'><em>exclusum</em></span> <span class='ocrx_word' id='word_1_984' title='bbox 3783 5169 3831 5218; x_wconf 82' lang='lat' dir='ltr'><em>in</em></span> 
     </span>
     <span class='ocr_line' id='line_1_146' title="bbox 2253 5218 3831 5302; baseline 0.006 -34"><span class='ocrx_word' id='word_1_985' title='bbox 2253 5218 2475 5284; x_wconf 83' lang='lat' dir='ltr'><em>pristina</em></span> <span class='ocrx_word' id='word_1_986' title='bbox 2518 5218 2781 5286; x_wconf 76' lang='lat' dir='ltr'><em>dignitate</em></span> <span class='ocrx_word' id='word_1_987' title='bbox 2811 5222 3174 5278; x_wconf 70' lang='lat' dir='ltr'><em>restituerint.</em></span> <span class='ocrx_word' id='word_1_988' title='bbox 3210 5222 3500 5279; x_wconf 70' lang='lat' dir='ltr'><em>fiutntrlutn</em></span> <span class='ocrx_word' id='word_1_989' title='bbox 3543 5230 3623 5282; x_wconf 74' lang='lat' dir='ltr'><em>his</em></span> <span class='ocrx_word' id='word_1_990' title='bbox 3659 5250 3831 5302; x_wconf 65' lang='lat' dir='ltr'><em>:lugu-</em></span> 
     </span>
     <span class='ocr_line' id='line_1_147' title="bbox 2251 5287 3827 5370; baseline 0.01 -30"><span class='ocrx_word' id='word_1_991' title='bbox 2251 5289 2371 5342; x_wconf 81' lang='lat' dir='ltr'><em>stiis</em></span> <span class='ocrx_word' id='word_1_992' title='bbox 2399 5303 2582 5342; x_wconf 70' lang='lat' dir='ltr'><em>leonites</em></span> <span class='ocrx_word' id='word_1_993' title='bbox 2630 5287 2898 5346; x_wconf 72' lang='lat' dir='ltr'><em>Flandriffl</em></span> <span class='ocrx_word' id='word_1_994' title='bbox 2934 5294 3230 5350; x_wconf 58' lang='lat' dir='ltr'><em>[hilduinus</em></span> <span class='ocrx_word' id='word_1_995' title='bbox 3258 5294 3495 5370; x_wconf 60' lang='lat' dir='ltr'><em>atticam</em></span> <span class='ocrx_word' id='word_1_996' title='bbox 3523 5314 3655 5366; x_wconf 76' lang='lat' dir='ltr'><em>pace</em></span> <span class='ocrx_word' id='word_1_997' title='bbox 3687 5318 3827 5354; x_wconf 72' lang='lat' dir='ltr'><em>einim</em></span> 
     </span>
     <span class='ocr_line' id='line_1_148' title="bbox 2250 5358 3831 5434; baseline 0.003 -24"><span class='ocrx_word' id='word_1_998' title='bbox 2250 5373 2410 5426; x_wconf 83' lang='lat' dir='ltr'><em>quam</em></span> <span class='ocrx_word' id='word_1_999' title='bbox 2434 5374 2553 5412; x_wconf 84' lang='lat' dir='ltr'><em>cum</em></span> <span class='ocrx_word' id='word_1_1000' title='bbox 2589 5358 2835 5429; x_wconf 81' lang='lat' dir='ltr'><em>Philippo</em></span> <span class='ocrx_word' id='word_1_1001' title='bbox 2861 5366 3106 5430; x_wconf 63' lang='lat' dir='ltr'><em>Attssufilu</em></span> <span class='ocrx_word' id='word_1_1002' title='bbox 3134 5366 3282 5430; x_wconf 77' lang='lat' dir='ltr'><em>prins</em></span> <span class='ocrx_word' id='word_1_1003' title='bbox 3318 5365 3619 5434; x_wconf 60' lang='lat' dir='ltr'><em>pepigerat.</em></span> <span class='ocrx_word' id='word_1_1004' title='bbox 3651 5374 3831 5426; x_wconf 72' lang='lat' dir='ltr'><em>dial-n-</em></span> 
     </span>
     <span class='ocr_line' id='line_1_149' title="bbox 2249 5431 3827 5506; baseline 0.009 -26"><span class='ocrx_word' id='word_1_1005' title='bbox 2249 5440 2339 5497; x_wconf 85' lang='lat' dir='ltr'><em>pta</em></span> <span class='ocrx_word' id='word_1_1006' title='bbox 2370 5444 2512 5482; x_wconf 76' lang='lat' dir='ltr'><em>alitio</em></span> <span class='ocrx_word' id='word_1_1007' title='bbox 2547 5431 2756 5484; x_wconf 74' lang='lat' dir='ltr'><em>liont‘tni</em></span> <span class='ocrx_word' id='word_1_1008' title='bbox 2800 5434 3086 5486; x_wconf 58' lang='lat' dir='ltr'><em>millesima</em></span> <span class='ocrx_word' id='word_1_1009' title='bbox 3130 5446 3431 5490; x_wconf 60' lang='lat' dir='ltr'><em>aculeatum</em></span> <span class='ocrx_word' id='word_1_1010' title='bbox 3473 5446 3827 5506; x_wconf 61' lang='lat' dir='ltr'><em>transgestum</em></span> 
     </span>
     <span class='ocr_line' id='line_1_150' title="bbox 2249 5501 3819 5571; baseline 0.008 -20"><span class='ocrx_word' id='word_1_1011' title='bbox 2249 5507 2461 5564; x_wconf 73' lang='lat' dir='ltr'><em>octavo,</em></span> <span class='ocrx_word' id='word_1_1012' title='bbox 2495 5515 2617 5554; x_wconf 88' lang='lat' dir='ltr'><em>cunt</em></span> <span class='ocrx_word' id='word_1_1013' title='bbox 2660 5501 2861 5570; x_wconf 83' lang='lat' dir='ltr'><em>ingenti</em></span> <span class='ocrx_word' id='word_1_1014' title='bbox 2902 5506 3142 5556; x_wconf 66' lang='lat' dir='ltr'><em>exercitu</em></span> <span class='ocrx_word' id='word_1_1015' title='bbox 3186 5510 3520 5571; x_wconf 66' lang='lat' dir='ltr'><em>pruvinclntn</em></span> <span class='ocrx_word' id='word_1_1016' title='bbox 3571 5510 3819 5562; x_wconf 58' lang='lat' dir='ltr'><em>[inrueru-</em></span> 
     </span>
     <span class='ocr_line' id='line_1_151' title="bbox 2250 5572 3820 5642; baseline 0.006 -18"><span class='ocrx_word' id='word_1_1017' title='bbox 2250 5584 2467 5624; x_wconf 83' lang='lat' dir='ltr'><em>censem</em></span> <span class='ocrx_word' id='word_1_1018' title='bbox 2544 5573 2689 5626; x_wconf 87' lang='lat' dir='ltr'><em>terro</em></span> <span class='ocrx_word' id='word_1_1019' title='bbox 2754 5572 3081 5642; x_wconf 83' lang='lat' dir='ltr'><em>llannnaque</em></span> <span class='ocrx_word' id='word_1_1020' title='bbox 3142 5583 3453 5628; x_wconf 74' lang='lat' dir='ltr'><em>vastaturus</em></span> <span class='ocrx_word' id='word_1_1021' title='bbox 3520 5577 3820 5634; x_wconf 72' lang='lat' dir='ltr'><em>invaserat.</em></span> 
     </span>
     <span class='ocr_line' id='line_1_152' title="bbox 2243 5641 3820 5716; baseline 0.007 -21"><span class='ocrx_word' id='word_1_1022' title='bbox 2243 5641 2699 5711; x_wconf 71' lang='lat' dir='ltr'><em>Arcniepiscopus</em></span> <span class='ocrx_word' id='word_1_1023' title='bbox 2731 5642 3036 5706; x_wconf 66' lang='lat' dir='ltr'><em>nemer-sis.</em></span> <span class='ocrx_word' id='word_1_1024' title='bbox 3065 5643 3209 5698; x_wconf 81' lang='lat' dir='ltr'><em>sedis</em></span> <span class='ocrx_word' id='word_1_1025' title='bbox 3249 5642 3601 5714; x_wconf 67' lang='lat' dir='ltr'><em>apostolieae!</em></span> <span class='ocrx_word' id='word_1_1026' title='bbox 3673 5657 3820 5716; x_wconf 76' lang='lat' dir='ltr'><em>atus,</em></span> 
     </span>
     <span class='ocr_line' id='line_1_153' title="bbox 2248 5712 3821 5789; baseline 0.008 -26"><span class='ocrx_word' id='word_1_1027' title='bbox 2248 5712 2499 5763; x_wconf 80' lang='lat' dir='ltr'><em>maiulata</em></span> <span class='ocrx_word' id='word_1_1028' title='bbox 2547 5718 2743 5766; x_wconf 87' lang='lat' dir='ltr'><em>snnnni</em></span> <span class='ocrx_word' id='word_1_1029' title='bbox 2794 5714 3065 5783; x_wconf 84' lang='lat' dir='ltr'><em>pontilicis</em></span> <span class='ocrx_word' id='word_1_1030' title='bbox 3115 5713 3390 5782; x_wconf 81' lang='lat' dir='ltr'><em>simulque</em></span> <span class='ocrx_word' id='word_1_1031' title='bbox 3444 5716 3591 5789; x_wconf 64' lang='lat' dir='ltr'><em>regis</em></span> <span class='ocrx_word' id='word_1_1032' title='bbox 3682 5718 3821 5777; x_wconf 64' lang='lat' dir='ltr'><em>alliu</em></span> 
     </span>
     <span class='ocr_line' id='line_1_154' title="bbox 2248 5779 3821 5852; baseline 0.01 -19"><span class='ocrx_word' id='word_1_1033' title='bbox 2248 5780 2501 5850; x_wconf 82' lang='lat' dir='ltr'><em>episcopo</em></span> <span class='ocrx_word' id='word_1_1034' title='bbox 2560 5779 2890 5839; x_wconf 84' lang='lat' dir='ltr'><em>Tornacensi</em></span> <span class='ocrx_word' id='word_1_1035' title='bbox 2947 5785 3127 5852; x_wconf 80' lang='lat' dir='ltr'><em>misit,</em></span> <span class='ocrx_word' id='word_1_1036' title='bbox 3186 5793 3244 5839; x_wconf 91' lang='lat' dir='ltr'><em>ut</em></span> <span class='ocrx_word' id='word_1_1037' title='bbox 3290 5800 3415 5841; x_wconf 82' lang='lat' dir='ltr'><em>eum</em></span> <span class='ocrx_word' id='word_1_1038' title='bbox 3471 5788 3821 5850; x_wconf 64' lang='lat' dir='ltr'><em>anatliema·</em></span> 
     </span>
    </p>
   </div>
   <div class='ocr_carea' id='block_1_15' title="bbox 3593 5880 3664 5943">
    <p class='ocr_par' dir='ltr' id='par_1_23' title="bbox 3593 5880 3664 5943">
     <span class='ocr_line' id='line_1_155' title="bbox 3593 5880 3664 5943; baseline 0 -2"><span class='ocrx_word' id='word_1_1039' title='bbox 3593 5880 3664 5943; x_wconf 66' lang='lat'><em>²0</em></span> 
     </span>
    </p>
   </div>
  </div>
 </body>
</html>
