4425 6450
346 333 381 391 'lb
753 375 756 381 .
786 334 977 393 lusitanis
991 337 1138 396 sabanis
1159 338 1531 403 scaincutnsbacnusts
1945 354 1980 410 to

344 449 506 522 Apocalypsi
521 449 576 504 ait:
591 448 698 518 Septem
714 447 810 514 stellae,
823 450 913 521 angeli
936 461 1039 521 septem
1056 464 1137 512 snut:
1155 463 1177 517 Α
1196 457 1297 513 tionem
1313 459 1413 516 lionrini
1429 462 1537 518 mortali
1550 463 1723 519 exsolvemus
1733 461 1796 519 lesu
1808 463 1917 522 Christo
1932 469 1986 526 llo-

343 540 916 613 ctcandelabraseptem,Erclesiaesepteru
928 546 1092 615 suruldpac.
1104 547 1136 617 ι).
1193 549 1267 605 minu
1285 561 1391 614 nostro,
1407 554 1485 620 cuius
1510 569 1622 625 regnum
1638 564 1666 610 ct
1677 556 1822 626 imperium
1838 567 1987 628 permanet

343 636 402 691 Lus
413 650 478 706 ergo
491 636 623 691 botrorum
632 650 746 705 operum
759 639 1042 707 supercandelabmm
1053 638 1136 705 lucet,
1201 640 1229 696 in
1245 642 1343 698 sacnla
1359 645 1532 711 saeculorum,
1550 647 1646 703 Αιιιειι.

343 729 407 783 ιΙιιιιι
427 728 453 781 bi
469 726 515 795 arari
531 725 731 795 qrradammodo
744 742 826 799 snper
837 730 928 799 capita
949 732 1064 788 aliorum
1085 748 1135 803 po·
1490 738 1608 795 SElillO
1624 739 1681 793 llll.

342 823 388 880 siti
403 832 483 887 suut,
505 822 563 874 sire
576 819 734 888 praelatione
749 822 807 877 sire
827 823 917 893 aliqua
933 838 998 879 eura
1019 825 1137 880 adtuini·
1437 844 1462 880 rr
1477 843 1617 883 ειιιιιιιιιι
1630 845 1735 886 ocatur.

342 918 486 972 strationis
512 925 632 986 praesunt
649 915 757 971 caeteris
781 915 808 970 iu
824 915 1009 982 solicitudine,
1033 928 1061 974 et
1085 934 1136 988 pro
1225 914 1333 986 dissipa
1348 927 1511 989 gentesque
1529 920 1597 976 della
1611 922 1715 990 rolant,
1729 926 1834 982 oerrierrt
1848 927 1929 999 legati
1950 946 1983 985 ea

341 1009 407 1079 ipsis
425 1008 576 1076 laborant,
599 1010 694 1080 eisque
708 1009 861 1079 praevident
888 1010 984 1079 maiori
1000 1011 1091 1068 studio
1106 1021 1136 1068 et

339 1100 481 1157 alacritate
494 1115 575 1171 quam
593 1101 644 1157 sibi
658 1101 767 1171 propria
786 1111 975 1170 operarentur.
994 1102 1131 1159 Similiter

340 1204 368 1250 et
378 1194 577 1264 illorumopera
590 1209 672 1263 super
686 1194 881 1249 crrrrdelabram
894 1194 996 1259 lacent,
1011 1197 1056 1266 qrri
1070 1212 1135 1268 ope·

339 1286 417 1342 ribus
428 1283 623 1341 misericordia
633 1284 796 1339 insistentes
807 1283 840 1338 dc
857 1283 920 1338 aliis
931 1298 1025 1339 curam
1038 1294 1132 1354 agunt,

339 1377 386 1447 nui
401 1375 453 1432 sibi
478 1376 504 1430 in
517 1376 574 1430 suis
590 1374 803 1430 necessitatibus
826 1389 879 1429 non
894 1384 1007 1445 possunt
1024 1375 1131 1431 adesse.

339 1470 372 1525 Et
388 1470 554 1541 generaliter
564 1469 592 1524 bi
606 1484 701 1525 omnes
719 1483 801 1539 saper
815 1468 1009 1523 candelabrum
1026 1466 1130 1532 lucent,

339 1564 386 1634 qui
404 1564 591 1635 proximorum
608 1576 691 1616 oucra
709 1561 737 1616 in
748 1576 911 1632 qtracunqnc
925 1562 1131 1631 opportunitate

337 1665 473 1727 portant:
491 1654 687 1724 qrriabaecest
713 1667 778 1709 vera
806 1652 852 1706 illa
878 1653 1001 1708 charitas
1022 1653 1056 1707 ‹lc
1075 1667 1130 1721 qua

1187 1005 1322 1077 AEpppto:
1337 1008 1477 1079 AEtltiopio
1491 1013 1632 1080 prrcoerriet
1648 1030 1741 1069 oroneo
1752 1016 1810 1086 ejus
1826 1018 1879 1073 Deo
1892 1020 1983 1093 (Psoi.

1185 1100 1281 1170 ιιιιι).
1295 1100 1431 1169 Audistis,
1445 1101 1545 1159 iratres
1556 1106 1737 1173 dilectissimi,
1755 1108 1839 1166 Paulo
1854 1127 1905 1167 nos
1917 1128 1984 1168 eru·

1185 1191 1294 1260 diente,
1318 1195 1390 1264 quod
1405 1195 1532 1253 Cbristus
1554 1208 1596 1253 est
1620 1216 1674 1271 pan
1690 1210 1783 1257 nostra
1810 1202 1919 1273 (lr'plrer.
1937 1208 1984 1278 uir

1184 1285 1333 1356 pacilicans
1344 1301 1376 1343 ea
1393 1302 1453 1357 utrae
1468 1288 1494 1343 in
1510 1290 1588 1345 coelis
1601 1303 1665 1346 sunt
1681 1300 1708 1347 et
1721 1308 1783 1362 que
1801 1293 1828 1348 in
1845 1297 1937 1352 terris.
1951 1298 1979 1352 lu

1183 1378 1262 1433 coelis
1276 1394 1371 1447 pacem
1394 1379 1477 1446 dedit,
1494 1383 1604 1452 quando
1630 1383 1705 1439 illum
1723 1387 1871 1456 superbum
1893 1398 1920 1443 et
1941 1391 1984 1445 in·

1183 1469 1304 1536 qtrietum
1318 1468 1380 1524 iude
1395 1470 1500 1540 expulit
1516 1487 1524 1523 :
1543 1472 1569 1526 in
1592 1475 1692 1540 terris,
1709 1477 1819 1546 quarrdo
1832 1479 1982 1536 exsultarit

1183 1567 1213 1613 ut
1227 1559 1305 1629 gigas
1315 1560 1349 1615 ad
1364 1564 1527 1617 currendam
1540 1565 1624 1632 riarn,
1637 1576 1665 1622 et
1676 1566 1759 1623 lorica
1773 1580 1873 1625 nostrae
1888 1572 1982 1627 carnis

1182 1648 1296 1706 inclutus
1327 1653 1468 1709 nobiscum
1486 1665 1563 1712 stans
1589 1659 1616 1713 iu
1642 1659 1700 1715 acie
1714 1661 1748 1716 de
1768 1661 1899 1730 inimicis,
1916 1678 1982 1734 pace

338 1754 470 1821 scriptum
488 1757 532 1803 cst
548 1764 554 1800 :
573 1746 650 1813 Quod
677 1762 729 1801 non
754 1746 854 1816 qrraerit
869 1761 929 1815 qtrae
950 1761 1000 1800 sua
1018 1757 1082 1800 suut
1100 1745 1128 1817 (l
1181 1743 1282 1798 utuuda
1300 1745 1417 1813 reddita,
1434 1750 1623 1819 tritunpbarit.
1642 1750 1670 1807 Si
1687 1753 1760 1807 enirn
1783 1765 1905 1811 retemta
1922 1772 1983 1812 cre·

338 1836 474 1908 Gargar),
486 1836 547 1907 quia
561 1835 719 1891 cortttnuaia
733 1835 863 1904 propriis,
873 1850 925 1889 uun
937 1837 1046 1905 propria
1056 1851 1134 1891 com·
1151 1826 1172 1881 Β
1189 1833 1280 1888 alimus
1296 1834 1430 1904 bistoriis,
1447 1839 1624 1897 anteCltristi
1635 1840 1857 1902 incarnationem
1873 1846 1943 1902 bella
1953 1857 1981 1903 et

337 1930 468 1987 tenuibus
499 1926 653 1997 anteponit.
674 1926 761 1982 ereet
775 1928 857 1981 etiam
874 1926 919 1981 lux
934 1928 1067 1983 botrorum
1081 1942 1132 1998 per
1184 1926 1326 1993 opiniones
1339 1927 1472 1984 italiorum
1487 1933 1617 1988 muudum
1642 1936 1799 1993 uniuersum
1821 1954 1978 2011 occupare·

337 2024 455 2078 vitream
473 2037 525 2076 uon
542 2021 609 2076 adeo
623 2019 739 2074 radianti
751 2018 864 2084 lunrine,
882 2029 911 2074 ut
924 2018 968 2074 illa
981 2019 1132 2089 quaedesu·
1184 2026 1256 2085 rant,
1272 2020 1343 2088 qnod
1365 2023 1552 2090 probaverunt
1580 2026 1786 2086 immutationes
1815 2046 1977 2103 regnorum,

337 2132 389 2188 per
403 2114 600 2172 candelabrum
620 2123 759 2171 coruscat.
778 2113 878 2169 vitreae
896 2127 962 2168 reru
985 2123 1132 2184 suntquce-
1182 2107 1340 2167 ludaeorum
1354 2113 1548 2184 dispersiones,
1566 2128 1699 2175 terrarum
1712 2123 1883 2185 exterminia,
1895 2140 1981 2195 popa·

336 2211 399 2267 dam
413 2207 568 2280 spiritales,
587 2216 682 2278 utpote
694 2209 781 2263 uirtus
796 2208 954 2272 charitatis,
981 2222 1129 2278 perquam
1182 2198 1269 2257 loruttt
1284 2215 1396 2272 ssmiles,
1409 2222 1470 2277 qttae
1483 2207 1593 2265 inselie
1607 2210 1812 2282 Scriplutarttttt
1825 2230 1873 2272 l'OS
1886 2230 1981 2272 Sieili-

338 2320 370 2360 se
382 2302 507 2359 inluudit
524 2302 569 2357 lun
581 2300 750 2356 remissionis
765 2310 949 2372 peccatorum.
962 2299 1130 2356 llumilitatis
1181 2291 1295 2361 blariler
1308 2295 1452 2356 didicistis.
1470 2299 1523 2355 Sed
1539 2301 1597 2357 baec
1612 2304 1703 2357 ornrria
1718 2305 1770 2359 sub
1781 2305 1891 2364 silentio
1905 2323 1977 2378 μηρ-

336 2413 446 2470 quoque
458 2397 564 2467 puritas
578 2395 667 2451 vitrea
682 2396 795 2461 dicitnr,
811 2408 860 2465 per
872 2411 954 2466 quam
968 2394 1130 2451 semiannis
1183 2395 1270 2453 tercu,
1280 2388 1483 2446 bellaritiorum
1496 2392 1650 2462 locuturus,
1665 2411 1727 2465 qttm
1736 2412 1829 2468 pacem
1841 2399 1978 2465 cordium,

336 2492 383 2546 tux
399 2489 564 2553 securitatis,
581 2502 609 2545 er
623 2497 746 2544 removet
760 2487 889 2543 tenebras
904 2486 1070 2543 diffidentiae.
1086 2487 1129 2542 st·
1182 2479 1208 2533 io
1223 2480 1323 2549 auibus
1338 2482 1409 2539 oeus
1423 2485 1539 2552 trabitur,
1560 2503 1646 2557 usaue
1660 2490 1729 2544 aueo
1743 2492 1931 2557 turbaverant
1948 2502 1979 2548 ut

336 2582 439 2639 militer
449 2582 537 2636 vitrea
547 2580 647 2636 dicitur
661 2579 816 2635 intellectus
830 2579 1127 2648 subtilitaspernuam
1181 2569 1234 2627 illis
1246 2572 1366 2643 undique
1383 2574 1552 2633 irruentibus
1565 2594 1646 2634 trenta
1662 2590 1755 2650 posset
1769 2584 1803 2637 de
1818 2582 1973 2653 tranquilli-

335 2689 367 2731 se
379 2672 498 2730 inlandit
518 2671 563 2727 lux
578 2669 676 2727 dirime
688 2669 856 2741 cognitionis
870 2678 897 2724 ει
915 2669 1024 2738 repellit
1053 2681 1129 2725 teue-
1181 2673 1237 2719 tate
1251 2665 1334 2719 animi
1348 2666 1389 2722 rel
1398 2666 1431 2721 de
1440 2669 1558 2739 puritate
1572 2671 1746 2727 conscientiae
1754 2672 1875 2744 gloriari.
1891 2674 1976 2729 labis

334 2765 399 2821 bras
417 2763 588 2836 ignorantiae.
1179 2756 1260 2813 bellis
1277 2756 1393 2815 Samson
1423 2760 1468 2817 ille
1485 2762 1785 2822 lortlsslnrusoccubutt
1799 2764 1887 2837 (ledi.
1907 2767 1975 2838 ιιι).

371 2857 442 2915 Sam
467 2857 549 2914 etiarn
568 2856 662 2911 citreae
677 2856 847 2925 corporales,
871 2855 1020 2926 dequibus
1046 2856 1127 2911 modo
1181 2846 1230 2904 llic
1243 2850 1372 2906 Salomon
1385 2854 1510 2923 sapiens,
1526 2868 1689 2927 suggerente
1699 2858 1927 2927 bliaPlraraonis,
1940 2860 1976 2913 ad

335 2949 407 3021 lunari
423 2947 560 3010 volumus,
578 2960 694 3016 corpora
710 2946 837 3002 videlicet
856 2946 974 3001 bumana
988 2957 1069 3003 atate
1084 2948 1125 3002 rel
1179 2941 1362 2998 idololatriam
1375 2944 1473 3002 ductus
1486 2955 1527 3003 est
1543 2948 1602 3021 (lll
1618 2948 1681 3021 lleg.
1696 2954 1738 3021 ιι).
1754 2950 1803 3007 llic
1817 2950 1977 3009 llaridsan·

334 3038 842 3109 infirmitatibusdebilitataquaesicut
855 3041 953 3096 vitrum
968 3041 1035 3097 dure
1046 3040 1126 3097 alicui
1178 3031 1316 3088 ctissiutus
1332 3037 1532 3106 propltctaruru
1558 3050 1718 3109 prostratus
1734 3051 1788 3111 est,
1814 3059 1876 3100 eum
1896 3045 1976 3101 adul·

334 3136 441 3192 allisum
453 3137 532 3190 modo
546 3133 693 3205 frangitur,
703 3134 739 3188 ita
754 3130 895 3189 laboribus
909 3133 1045 3199 videlicet,
1055 3131 1126 3203 jeju·
1179 3126 1277 3180 lelium
1298 3129 1402 3197 pariter
1415 3138 1442 3186 et
1458 3131 1635 3188 ltomicitlium
1651 3136 1821 3205 perpetrarit
1847 3137 1892 3210 (Η
1905 3136 1973 3209 ssep.

332 3231 403 3298 niis,
420 3229 518 3300 sigiliis
534 3229 696 3298 caterisque
710 3226 840 3298 operibus
861 3227 894 3281 ad
913 3227 1125 3282 macerationem
1139 3201 1160 3260 C
1179 3221 1219 3288 tt),
1233 3220 1282 3276 sed
1295 3229 1324 3276 et
1336 3222 1465 3280 omnibus
1478 3224 1544 3280 riris
1557 3226 1640 3295 justis
1657 3234 1720 3283 autc
1728 3227 1829 3285 Christi
1843 3230 1974 3288 lucarna-

333 3324 423 3379 earnis
436 3322 635 3394 pertinentibus
649 3321 812 3376 deficiuntel
824 3319 1062 3376 resolrnnuuzl’er
1076 3320 1126 3375 bas
1178 3312 1282 3367 tionem
1299 3314 1391 3370 ltosles
1405 3317 1533 3372 liliorum
1546 3319 1641 3389 plagas
1657 3319 1820 3378 intulerunt.
1836 3321 1972 3389 Quoniam

332 3431 398 3486 ωε)
413 3414 515 3470 pingas
527 3414 639 3470 prmum
654 3423 809 3484 operamini
822 3424 850 3469 ep
865 3413 965 3482 lucem,
979 3413 1025 3482 qut
1039 3412 1126 3468 impe.
1177 3417 1266 3463 autern
1283 3409 1310 3463 iu
1322 3407 1431 3465 Clrristo
1446 3425 1496 3481 pax
1512 3423 1574 3467 erat
1600 3416 1704 3469 mundo
1718 3415 1895 3487 repromissa,
1911 3417 1973 3472 ideo

332 3507 447 3563 eillitate
461 3505 585 3578 corporis
600 3506 634 3561 ad
655 3515 789 3561 strennue
804 3519 854 3575 pro
870 3505 932 3559 aliis
953 3502 1124 3573 operandum
1176 3498 1307 3570 propbeta
1323 3501 1408 3559 Darid
1420 3518 1481 3558 curn
1497 3503 1633 3562 desiderio
1644 3505 1703 3575 cius
1717 3507 1848 3563 auxilium
1860 3509 1972 3566 inrorat

333 3602 492 3656 itloaeinon
510 3609 583 3662 sunt,
600 3598 647 3654 sed
665 3605 756 3652 tamen
774 3596 872 3667 inipsa
890 3610 939 3651 sua
965 3593 1126 3648 iutirruitate
1177 3594 1291 3650 dicens:
1308 3594 1415 3666 Dissipa
1444 3608 1540 3668 gentes
1562 3613 1622 3668 quae
1648 3598 1717 3655 bella
1746 3600 1851 3655 volarat.
1882 3601 1972 3657 isaias

332 3694 359 3751 id
383 3693 519 3748 arcadicum
535 3692 607 3762 quod
633 3698 707 3757 suot,
733 3690 759 3745 in
782 3688 939 3744 bumilitate
954 3695 1124 3758 operantur:
1177 3685 1309 3755 propbeta
1334 3699 1431 3755 pacem
1451 3688 1478 3743 iu
1492 3687 1554 3757 ejus
1577 3693 1696 3745 adventu
1713 3691 1892 3746 nunciaverat
1908 3706 1970 3747 cum

332 3785 427 3858 quales
444 3793 509 3839 sunt
530 3797 611 3838 seucs
633 3781 670 3837 illi
688 3780 797 3836 virtutis
821 3780 867 3851 qni
895 3779 983 3850 longis
1009 3778 1127 3834 libenter
1177 3775 1265 3830 dixit:
1282 3775 1575 3851 llultiplieabiturcjus
1593 3782 1747 3854 inlperinm,
1773 3792 1801 3839 et
1826 3785 1968 3853 pacisnou

331 3881 466 3938 intersunt
482 3877 591 3948 uigiliis,
614 3875 661 3946 nuri
686 3873 781 3930 baculo
810 3872 918 3929 subnixi
945 3871 1045 3928 diuinis
1059 3887 1126 3942 gau·
1177 3869 1231 3923 crit
1245 3869 1308 3924 linis
1326 3870 1396 3942 (iro.
1411 3870 1461 3941 tr).
1485 3873 1518 3928 lit
1539 3873 1605 3929 alibi
1620 3891 1628 3927 z
1644 3874 1727 3931 Dabis
1747 3877 1827 3932 nobis
1855 3877 1969 3934 bomiue

332 3974 397 4031 dent
409 3974 542 4030 interesse
559 3968 718 4042 mysteriis,
732 3978 760 4025 et
774 3967 812 4022 illi
828 3965 929 4021 inllrmi
946 3964 991 4035 qui
1006 3981 1061 4036 prce
1078 3981 1127 4020 ra·
1177 3961 1355 4031 pascandala
1370 3961 1397 4017 in
1409 3971 1435 4018 te
1447 3966 1619 4033 speravimus
1641 3966 1710 4036 (lou.
1726 3970 1812 4038 xxm).
1825 3967 1856 4022 Et
1866 3968 1966 4023 barra:

331 4064 580 4136 letardinecorporis
593 4062 681 4119 lectuli
689 4062 882 4132 spondamaan
892 4058 1125 4130 ualentesegrerli,
1175 4051 1311 4111 Auiereus
1329 4056 1503 4127 belluasque
1525 4059 1560 4115 ad
1587 4059 1657 4116 dues
1671 4071 1763 4127 terrae,
1790 4077 1885 4118 areum
1901 4076 1968 4118 eon-

330 4162 490 4231 ibidemque
500 4157 699 4231 possuntruado
709 4154 1124 4222 licumlaudautetcoulitcutur,
1178 4157 1248 4202 teret
1270 4158 1299 4203 el
1313 4148 1469 4221 constringet
1483 4166 1572 4220 arma,
1589 4160 1617 4208 et
1627 4163 1736 4208 scutum
1750 4155 1894 4210 comburet
1908 4155 1965 4225 igni

329 4264 491 4326 reputantes
513 4257 607 4306 beatos
624 4249 687 4305 illus
703 4247 748 4317 niti
771 4262 881 4302 crucem
898 4246 1008 4300 bantini
1025 4245 1126 4300 labori·
1175 4239 1262 4314 (Paul.
1276 4243 1452 4315 ineptasque
1463 4244 1497 4299 ad
1510 4247 1579 4300 lines
1591 4246 1750 4303 terraebella
1765 4246 1875 4303 abstulit
1886 4247 1966 4303 Clari-

329 4348 381 4404 bus
393 4344 485 4402 ntultis
496 4353 606 4415 portare
618 4349 742 4412 possunt,
755 4349 781 4395 et
793 4354 822 4395 se
837 4347 968 4410 tanquam
980 4336 1125 4392 criminale
1175 4344 1244 4401 stas,
1270 4337 1316 4406 qrri
1346 4336 1482 4392 bominem
1513 4337 1772 4396 iutusetexterius
1795 4340 1963 4411 pacificavit.

329 4437 434 4510 aliqtrid
445 4434 562 4493 iecerint
574 4432 729 4502 iudicantes
739 4431 811 4502 qarod
824 4433 930 4501 pondus
943 4429 997 4486 diei
1005 4440 1032 4486 et
1042 4439 1125 4486 aestus
1175 4428 1316 4501 Confregit
1332 4447 1408 4486 arma
1434 4439 1461 4487 et
1475 4446 1584 4499 arcum,
1607 4433 1771 4489 destruendo
1788 4447 1884 4489 orotres
1900 4449 1964 4494 ret·-

328 4534 360 4591 itt
372 4531 452 4589 tinea
462 4528 714 4597 bomiuincquenm
726 4526 864 4581 sustinere
875 4524 998 4597 (blatta,
1014 4527 1072 4596 xx).
1087 4524 1119 4582 lli
1134 4548 1160 4608 ο
1174 4523 1261 4579 satias
1272 4523 1386 4582 inimici.
1400 4525 1482 4583 Scuta
1495 4526 1647 4582 combussit
1657 4525 1963 4598 igni,cutnduraeorda

320 4635 395 4685 :aunt
420 4623 466 4698 qtti
489 4637 556 4681 tere
578 4622 650 4678 iuter
675 4620 745 4675 tilios
770 4619 818 4675 liei
833 4619 983 4692 computati
999 4628 1075 4687 snut,
1091 4630 1122 4676 et
1172 4625 1200 4672 et
1223 4630 1294 4686 pene
1319 4615 1539 4688 impenetrabilia
1565 4618 1692 4674 accendit
1715 4619 1823 4673 bamma
1843 4618 1963 4691 Spiritus

326 4719 525 4801 baffi-,atteram
539 4731 601 4788 qua
614 4714 664 4787 ipsi
683 4714 772 4771 iacere
795 4723 943 4784 nequeunt,
961 4714 1120 4768 venerando

327 4811 510 4884 el-dlligendo
522 4826 571 4869 stra
588 4810 705 4866 iaciunt.
730 4807 769 4863 Er
786 4822 902 4876 natarum
919 4821 1038 4878 persona
1058 4821 1120 4875 pro-

326 4905 410 4976 pheta
423 4901 508 4959 listid
521 4899 634 4956 verbum
643 4897 709 4953 illud
722 4893 937 4952 consolatorium
953 4894 1038 4950 dicitr
1052 4891 1120 4948 Par·

327 4998 415 5065 ticeps
428 5007 479 5062 ego
490 5006 549 5048 sum
562 4989 684 5047 ominium
701 4987 855 5042 timentium
872 4995 909 5053 te,
921 4994 949 5042 et
961 4982 1117 5039 eustodien-

327 5090 394 5144 tium
408 5087 533 5140 arrandata
546 5094 590 5138 tua
608 5080 695 5155 (Prot.
710 5080 818 5152 curtat).
832 5079 901 5135 Ecce
913 5078 969 5150 jam
984 5078 1118 5133 babemus

325 5181 444 5254 qualiter
459 5178 526 5249 Regi
542 5185 635 5233 trustra
649 5176 785 5240 tirtrorem,
795 5174 849 5229 [leo
862 5187 983 5228 aurarem
1003 5171 1118 5227 reddere

325 5277 484 5332 debearuus.
500 5269 552 5326 Sed
568 5270 595 5325 in
610 5284 643 5325 eo
655 5269 728 5339 quod
755 5270 839 5324 bomo
862 5264 988 5321 mortalis
1003 5263 1118 5320 effeetus

324 5374 377 5433 est,
397 5363 527 5420 debemus
542 5368 569 5415 et
583 5376 634 5416 nus
649 5362 674 5416 ei
699 5356 921 5414 redhibitionem.
951 5353 1006 5410 Nee
1032 5354 1115 5408 aliam

324 5459 412 5530 magis
432 5467 588 5529 competere
605 5455 695 5519 rideo,
713 5466 796 5521 quam
825 5458 856 5504 ut
871 5447 975 5503 moriar
989 5461 1040 5518 pro
1056 5446 1115 5511 illo,

325 5554 397 5607 sicut
406 5564 433 5608 et
445 5553 502 5625 ipse
516 5548 656 5622 pronubis
671 5547 739 5602 rnori
752 5545 943 5615 dignatusest.
958 5541 993 5596 Et
1009 5541 1032 5596 si
1044 5539 1116 5597 lorte

325 5646 471 5701 retinentis
485 5647 568 5700 uitam
585 5644 666 5698 sarrire
690 5639 828 5704 ttolttttttts,
845 5637 942 5693 saltem
959 5637 1114 5691 moriamur

1171 4710 1269 4764 sancti.
1287 4708 1317 4764 Si
1335 4709 1379 4765 ris
1395 4709 1467 4765 scire
1482 4708 1602 4780 qualiter
1615 4710 1744 4766 Christus
1755 4723 1864 4782 gentem
1880 4711 1962 4769 ritio-

1171 4816 1230 4857 rum
1255 4802 1410 4873 dissiparit,
1431 4804 1542 4862 attende
1556 4806 1693 4875 quomodo
1718 4813 1808 4868 natos,
1823 4805 1961 4874 qrtornoda

1171 4904 1360 4963 conversatus,
1376 4897 1493 4965 qualiter
1505 4897 1614 4954 demum
1627 4910 1724 4967 passus
1736 4905 1788 4951 est.
1801 4895 1871 4951 barn
1885 4896 1959 4952 enim

1170 4986 1295 5043 irascitur
1312 4987 1337 5042 iu
1354 4986 1514 5054 diversorio,
1530 4989 1594 5043 duur
1615 4989 1714 5043 ritibus
1730 4984 1877 5042 inrrrlritur
1892 5001 1960 5057 pau·

1170 5080 1225 5145 uis,
1240 5079 1357 5135 sormam
1373 5080 1420 5135 dat
1433 5081 1616 5149 paupertatis,
1637 5095 1686 5151 per
1708 5094 1791 5150 quam
1806 5078 1960 5135 destruitur

1170 5169 1262 5225 mundi
1277 5169 1357 5237 bajus
1370 5171 1516 5239 cupiditas.
1533 5171 1711 5226 Postmodum
1724 5186 1789 5226 vero
1805 5186 1866 5226 curu
1876 5180 1959 5227 aetate

1168 5263 1314 5334 proiciens
1325 5262 1509 5320 laitsubditus
1522 5262 1634 5333 losepb,
1648 5279 1711 5319 curn
1727 5263 1858 5319 tributum
1874 5264 1960 5320 soluit

1168 5356 1280 5421 Caesari,
1295 5370 1357 5411 cunr
1382 5370 1397 5409 a
1412 5370 1491 5411 serso
1508 5354 1615 5412 loartne
1629 5366 1671 5412 cst
1685 5356 1852 5425 baptizatus,
1865 5368 1958 5409 exera·

1167 5454 1240 5519 plum
1256 5450 1330 5505 dedit
1344 5449 1508 5505 humilitatis
1525 5463 1573 5518 per
1587 5462 1669 5518 quarn
1682 5448 1812 5517 dissipata
1827 5450 1871 5503 esi
1889 5456 1957 5499 uaria

1168 5543 1247 5612 lrrrjus
1263 5543 1355 5599 mundi
1370 5541 1466 5615 gloria.
1485 5541 1538 5598 Per
1551 5543 1603 5597 boe
1614 5542 1686 5611 caud
1697 5540 1806 5596 dolores
1821 5549 1849 5595 et
1873 5538 1958 5594 mise·

1168 5634 1222 5689 rias
1245 5633 1384 5697 sustinuit,
1403 5633 1528 5700 voluptas
1544 5630 1626 5701 buius
1650 5631 1744 5688 saeculi
1758 5627 1892 5685 debellata
1901 5637 1954 5690 est,

323 5732 442 5788 uitiiset
465 5733 709 5804 concupiscentiis,
728 5739 757 5786 ut
768 5728 881 5798 iustitiae
896 5727 1029 5783 tiramus.
1045 5726 1113 5782 Nam
1166 5726 1237 5781 llicit
1249 5726 1466 5799 ergol‘ropbeta:
1478 5727 1696 5796 Dissipagcntes,
1708 5741 1768 5795 quaa
1783 5722 1877 5781 bellur
1896 5723 1957 5778 lum

325 5823 377 5882 boc
390 5825 450 5895 ipso
465 5825 591 5884 timorem
617 5827 687 5897 regi,
704 5837 825 5884 amorem
841 5823 909 5903 beo,
921 5835 1113 5893 recompensa·
1166 5818 1253 5891 (Paul.
1266 5822 1360 5894 astar).
1370 5821 1488 5879 Putasne
1500 5821 1634 5893 cupiditas
1647 5829 1754 5892 gentem
1762 5818 1894 5879 modicam
1904 5833 1956 5888 pa-
