4425 6450
176 355 215 416 ι’ζῗ

176 701 198 824 'l

250 371 311 444 ’111

255 699 355 752 morte,
365 688 463 759 quibus
473 689 645 759 omnipotens
659 688 729 743 Deris
741 690 841 743 bonam
856 699 882 744 et
898 689 1045 759 longaevam

253 784 391 841 concedat
405 780 490 836 uitam
511 780 544 835 ad
573 781 689 836 salutem
711 791 739 835 et
763 780 894 836 bonorem
916 782 1047 837 Ecclesia

255 890 324 941 sue,
341 874 367 930 iu
384 889 436 942 qua
451 888 500 927 ros
526 872 700 929 confirmarit
723 872 878 928 columnam
906 874 1043 942 perorati-

253 964 476 1023 orornllittimus
490 973 584 1018 antem
596 964 869 1020 restraecuartestmae
884 965 1043 1033 paternitati

219 1075 222 1079 ·
253 1058 401 1128 insignum
415 1055 570 1110 denotionis
579 1064 607 1110 et
620 1054 742 1125 pignoris
753 1064 889 1125 perpetue
901 1056 1045 1110 semirutis

258 1148 451 1209 prunusculuru
464 1147 604 1216 indiguum
634 1147 767 1216 dignitate
785 1156 884 1211 restra,
901 1148 948 1202 sed
959 1144 1046 1201 officio

249 1243 421 1316 ‘congruum
438 1240 566 1295 baculum
593 1240 719 1295 uidelicet
734 1239 939 1310 cypressinum,
956 1248 1044 1293 atten-

252 1339 350 1393 dentes
365 1349 420 1389 nou
444 1341 590 1404 qnantum,
624 1331 671 1386 sed
692 1345 726 1385 ex
751 1338 853 1402 quanto
879 1329 1044 1400 proteratur,

251 1436 450 1499 praesumentes
473 1424 507 1479 de
535 1423 607 1478 illius
634 1422 768 1491 eterrtplo,
784 1422 830 1491 qul
847 1421 906 1491 plus
925 1422 1045 1491 respexit

251 1521 286 1571 ad
298 1517 364 1572 libel
379 1530 461 1585 quam
487 1514 521 1568 ad
547 1527 660 1567 niunera
684 1512 755 1581 ejus.
776 1511 854 1577 Quod
879 1512 938 1564 sine
952 1510 1045 1578 aliquo

251 1606 417 1674 scrupuloso
431 1612 555 1671 respectu
578 1602 699 1670 recipere
717 1602 843 1670 poteritis
855 1602 987 1667 olrlatum,
1010 1603 1043 1656 arl

253 1698 410 1763 crernplum
425 1696 496 1748 illius
511 1693 600 1749 sancti
614 1692 679 1759 viri,
696 1692 774 1762 crrjrrs
802 1691 957 1748 sanetitatis
972 1692 1043 1746 lame

251 1786 370 1841 celebria
387 1786 502 1840 liabetur
515 1786 541 1838 in
557 1783 620 1838 ritis
636 1781 758 1848 Petrum,
770 1782 815 1850 qui
831 1782 928 1851 pellem
945 1782 1043 1851 iguotte

745 379 933 439 EPlSTOLAE.
949 411 985 424 ·-
1004 379 1093 436 PARS
1110 379 1156 436 itt.
1173 380 1231 436 stt.
1251 379 1321 436 11112
1338 377 1417 433 libb.

176 407 218 660 κ
244 507 378 581 uigorem,
392 506 588 561 constituentes
616 519 665 559 ros
689 506 838 575 participes
858 508 979 560 ιιιιιιιῐιιιιι
1002 508 1047 561 bc·
1061 515 1085 570 Α
1099 501 1283 557 excluduntur
1310 508 1338 552 et
1361 497 1500 560 exsulant,
1522 494 1638 564 irrrcnes
1665 496 1842 552 ‹tnrrtiuanrur
1864 508 1893 554 ct

176 667 179 674 ¹
216 625 221 634 ·
250 599 416 657 sobriorum
433 596 562 651 Ecclesiae
584 606 685 652 nostrae
708 606 763 651 tom
786 598 812 651 in
844 599 896 651 rita
919 613 1001 662 qrtaru
1019 599 1045 653 iu
1101 597 1248 663 irriperant,
1266 591 1369 646 indocti
1387 590 1735 659 roagisteriumnaorpaut.
1756 588 1892 646 Solrsten·

1103 683 1197 738 tiolam
1226 682 1367 743 Ecclesiae,
1397 681 1497 751 quibus
1523 680 1692 748 dispensatio
1717 681 1891 747 creditaeat,

1097 772 1230 827 inutiliter
1244 770 1400 839 italottduut,
1416 779 1445 823 ct
1460 766 1616 822 bominibus
1630 767 1720 837 potios
1736 780 1818 836 quatu
1834 764 1891 823 Deo

1097 864 1207 934 placere
1219 860 1432 925 contrudentes,
1456 858 1580 913 uenalem
1610 858 1744 927 majorum
1772 856 1890 928 gratiam

1096 957 1251 1012 arluinosu
1277 953 1614 1024 numerumnunerum.
1642 938 1794 1006 τοιιιιιιιιι
1824 947 1890 1003 strue

1097 1060 1171 1104 essct
1196 1050 1219 1105 si
1241 1049 1396 1118 regularem
1422 1045 1632 1103 observantiam
1662 1043 1838 1114 professionis
1859 1049 1890 1097 et

1096 1139 1178 1213 407
1194 1140 1300 1195 ordinis
1318 1140 1360 1194 sui
1376 1138 1567 1205 custodirent;
1587 1138 1611 1194 si
1640 1137 1803 1209 gravitatem
1829 1150 1889 1189 ιιιο-

1096 1248 1170 1296 runt,
1182 1231 1369 1286 maturitatem
1380 1245 1505 1300 operum,
1514 1232 1686 1286 botrestatem
1695 1244 1887 1300 personamm.

1096 1326 1168 1380 sieut
1181 1325 1261 1380 decet
1273 1331 1395 1387 sanctos,
1412 1312 1439 1377 in
1455 1324 1594 1381 sacrldcio
1614 1324 1662 1378 llei
1691 1329 1888 1379 consecrarent

1096 1416 1276 1475 etolierrent.
1298 1415 1377 1474 Nunc
1394 1425 1486 1471 autem
1504 1424 1532 1472 et
1548 1416 1629 1470 lamae
1645 1430 1703 1470 suae
1724 1413 1843 1486 prodigi,
1859 1421 1888 1467 et

1096 1512 1130 1563 de
1145 1508 1316 1564 conscientia
1338 1524 1394 1564 uon
1405 1508 1507 1573 securi,
1524 1510 1610 1573 intus,
1624 1516 1654 1562 et
1675 1506 1757 1570 loris,
1771 1522 1822 1559 nec
1835 1503 1888 1559 llo·

1096 1600 1199 1654 ruiuum
1212 1599 1337 1654 ridentur
1350 1599 1459 1662 timere,
1474 1614 1524 1654 nec
1539 1599 1665 1654 liorulnes
1684 1597 1816 1652 revereri.
1826 1594 1887 1651 tior

1095 1694 1129 1748 de
1143 1692 1270 1747 onroibus
1282 1691 1354 1756 dico,
1383 1692 1460 1746 norit
1481 1693 1614 1748 [tolerinus
1628 1706 1698 1761 qnos
1712 1692 1812 1758 elegit,
1827 1708 1886 1746 mc·

1097 1786 1150 1839 rita
1167 1783 1337 1854 singolorum
1358 1786 1476 1853 probant
1501 1799 1584 1854 opera
1609 1800 1715 1841 eorum.
1731 1784 1885 1847 occurrite,

189 1925 191 1929 .
251 1880 346 1934 besti-e
360 1879 483 1945 recipcre
496 1893 549 1931 non
566 1876 703 1932 recusarit
717 1890 732 1928 a
746 1874 846 1940 bestia,
859 1889 941 1942 quant
957 1876 1045 1943 cipro
1060 1874 1082 1929 B
1097 1878 1190 1944 Pater,
1214 1883 1298 1937 tarrtis
1321 1880 1413 1948 realis,
1426 1892 1454 1936 et
1478 1880 1542 1936 totis
1569 1880 1673 1934 viribus
1687 1879 1820 1952 corripite
1845 1878 1886 1931 in-

217 2045 222 2053 ,
252 1969 490 2032 marnereolrtulir,
520 1969 591 2022 sicut
615 1967 715 2021 melius
736 1966 833 2029 nostis,
855 1966 1045 2021 dcveuatioue
1095 1972 1216 2037 quietos,
1236 1974 1409 2044 cornprimito
1429 1972 1572 2041 superbos,
1594 1970 1754 2040 restringite
1770 1967 1887 2022 dissolu·

251 2079 313 2123 sua,
328 2077 378 2128 pro
399 2061 600 2116 illuminatione
625 2058 778 2114 catulorum
805 2073 927 2113 suorum.
941 2058 1043 2113 Norncn
1096 2068 1148 2113 tus.
1166 2058 1238 2125 Tibi,
1252 2062 1432 2132 Paterllugo,
1451 2061 1494 2116 cui
1512 2076 1547 2116 ex
1561 2061 1683 2131 injuncto
1697 2059 1885 2132 pastorisolir·

252 2169 320 2209 vero
336 2164 467 2219 restrum,
483 2154 553 2221 «perol
565 2154 673 2221 quidem
690 2151 867 2222 prohibuistis
879 2150 948 2217 lieri,
963 2150 1044 2205 attol·
1095 2152 1139 2206 cio
1155 2152 1312 2209 sollicitudo
1329 2154 1386 2209 liaeo
1400 2162 1428 2209 et
1449 2154 1528 2210 labor·
1552 2153 1695 2215 incumbit,
1714 2167 1811 2222 preces
1824 2152 1887 2204 alic

253 2248 310 2300 lcre
325 2248 539 2302 decrerinmset
557 2246 707 2316 predicare
732 2261 780 2316 per
796 2245 898 2310 omnia,
912 2244 989 2314 jarrta
1009 2243 1043 2297 il·
1095 2253 1206 2299 ctuosas
1222 2244 1248 2299 in
1259 2246 1378 2315 suspirio
1399 2254 1428 2301 et
1453 2245 1573 2316 singultu
1600 2245 1695 2311 lurido,
1712 2255 1741 2298 ut
1761 2258 1886 2299 assumas

248 2337 295 2391 lud
330 2337 541 2406 crarrgclicunt:
566 2337 673 2402 Quanto
706 2337 744 2390 eir
767 2333 948 2406 proripiebat,
971 2341 1043 2385 torrto

249 2429 335 2497 nangis
365 2429 564 2492 predicabant,
597 2428 740 2480 dicenter:
774 2426 844 2479 Bene
868 2424 956 2478 omnio
982 2422 1043 2491 feeit

250 2515 352 2579 (Marc.
366 2517 427 2585 ru).
443 2516 588 2585 iudignum
602 2530 720 2585 uertique
735 2531 879 2570 cerasomos
896 2523 971 2569 tanto
983 2528 1044 2569 rer-

246 2607 349 2663 borum
364 2609 448 2663 crrltui
462 2609 651 2663 auctoritatem
667 2608 813 2670 deessent
829 2606 984 2660 autlaentica
1000 2620 1044 2660 re·

1095 2336 1196 2401 zelum,
1213 2337 1371 2394 llatlratbiae
1395 2350 1422 2394 et
1447 2338 1576 2403 Plrinees,
1603 2349 1641 2404 et,
1667 2337 1774 2404 abjecto
1791 2335 1886 2390 lurore

1097 2429 1225 2493 burnano,
1252 2430 1479 2484 contradictionis
1499 2440 1528 2484 et
1554 2429 1744 2484 inobedientis
1766 2427 1835 2481 lllios
1850 2427 1884 2479 aa

1094 2521 1298 2576 observantiam
1316 2523 1421 2577 ordinis
1443 2524 1498 2586 sui,
1512 2521 1598 2575 rellnt
1610 2521 1707 2581 nolint,
1726 2518 1885 2587 compellas.

1094 2610 1114 2662 Λ
1129 2618 1155 2664 te
1170 2612 1243 2666 euim
1259 2612 1416 2681 requiretur
1426 2620 1456 2666 ut
1470 2611 1585 2675 evellas,
1598 2620 1625 2665 et
1637 2610 1774 2671 destruas,
1786 2618 1813 2663 et
1824 2609 1886 2662 aidi-

245 2703 337 2758 citare
353 2711 482 2771 tanqrmm
496 2702 663 2772 apocrypha,
677 2715 737 2770 quae
748 2700 809 2769 plns
825 2699 930 2755 latoris
944 2698 1044 2753 debent
1094 2702 1171 2768 lices,
1186 2703 1351 2773 ululatatus,
1380 2719 1475 2775 argue,
1492 2704 1614 2773 increpa,
1633 2718 1696 2758 coru
1711 2703 1784 2756 orrtrai
1799 2702 1886 2770 impe·

246 2797 387 2859 olntuere,
402 2795 473 2862 qnod
488 2809 537 2848 ros
562 2794 718 2863 specialiter
735 2792 866 2860 legimus,
883 2792 916 2846 de
933 2792 1043 2846 nomine
1095 2794 1158 2847 rior
1177 2810 1232 2849 non
1247 2808 1374 2852 morcourt
1386 2808 1412 2852 te
1424 2811 1455 2852 eu
1472 2810 1533 2866 quse
1548 2804 1687 2849 excaecant
1705 2792 1799 2848 oerrlos
1818 2808 1884 2861 pru-

247 2887 398 2941 nuctoris:
429 2885 507 2940 robis
533 2894 623 2939 autem
650 2894 786 2941 secretum
813 2884 864 2937 lroc
889 2884 1043 2938 servabitur
1094 2886 1217 2951 «leniunt,
1234 2902 1268 2943 ne
1291 2889 1435 2943 corrodant
1455 2885 1655 2956 incorruptela
1678 2885 1799 2955 percutiat·
1822 2898 1885 2937 cor·

247 2994 382 3053 «quantum
398 2984 432 3037 ad
450 2981 743 3047 consciuntam,tnrus
756 2975 1040 3047 quantumadlleum3
1093 2986 1220 3046 ruptores
1246 2979 1361 3045 ordinis,
1379 2990 1407 3034 et
1432 2989 1570 3032 notatores
1605 2978 1647 3031 sui
1675 2976 1771 3046 ipsius,
1794 2974 1885 3028 carrria

247 3075 316 3128 frtris
331 3073 541 3142 rerrrpublieum
554 3071 607 3127 erit
618 3072 651 3124 ad
670 3069 771 3124 lamam
784 3066 873 3136 quoad
886 3065 968 3137 [goe
978 3079 1042 3132 pro·
1094 3085 1189 3125 euram
1206 3071 1231 3125 iu
1245 3071 1389 3127 desideriis
1398 3072 1539 3128 iacientes.
1567 3071 1652 3127 Visite
1666 3069 1819 3140 sepulcrum
1838 3083 1885 3137 pa·

248 3168 362 3220 ιιῑιιιιιιιι.
375 3164 446 3217 Bene
459 3162 548 3216 calcat
560 3176 667 3232 semper
679 3161 706 3215 in
729 3156 856 3213 omuibus
871 3166 962 3209 restra
976 3169 1040 3208 san·
1054 3198 1079 3261 c
1095 3163 1148 3216 trui
1163 3163 1201 3216 tui
1218 3162 1286 3233 (15).
1301 3171 1329 3218 et
1343 3164 1369 3217 io
1383 3164 1499 3235 collegio
1523 3164 1570 3219 illo
1596 3162 1644 3217 tibi
1659 3162 1806 3216 cotnnrisso
1822 3175 1884 3215 sect

248 3266 291 3312 cta
303 3267 331 3311 et
350 3257 427 3312 nobis
439 3256 601 3311 charissima
616 3253 768 3323 paternitas
792 3251 820 3304 in
839 3249 1038 3320 longitudinem
1093 3253 1217 3322 putridas
1229 3269 1337 3319 carues,
1354 3261 1382 3308 et
1404 3267 1452 3308 ure
1466 3253 1646 3308 correctionis
1668 3255 1799 3316 cauterio,
1816 3268 1885 3321 quas

246 3352 363 3406 dierum.

478 3457 644 3513 aristote
657 3454 807 3513 ectitiili.

247 3562 282 3602 ro
296 3560 420 3602 aruoosea
434 3562 577 3602 urascorotr
593 3561 629 3601 er
654 3558 806 3600 cararutult
828 3552 1038 3597 toaetttaease.

249 3637 335 3707 Rogat
358 3649 384 3692 ut
406 3637 521 3692 emerrdet
545 3637 573 3690 in
598 3635 708 3689 ecclesio
731 3633 761 3688 S.
786 3631 889 3686 Enurtii
911 3628 1038 3684 nonnullo

440 3707 501 3760 vitia
517 3723 575 3776 quac
589 3706 626 3759 ibi
638 3704 845 3773 pullulaverant.

283 3799 414 3867 Specialis
431 3799 483 3852 illia
501 3806 602 3853 sauctae
629 3796 704 3852 sedis
729 3795 784 3863 (71)
811 3791 927 3848 ecclesia
940 3790 1037 3845 Saucli

248 3889 365 3954 Errrrtii,
383 3905 416 3944 cx
432 3889 543 3957 antiqua
561 3898 588 3942 et
605 3892 754 3957 approbate
770 3884 966 3940 consuetudine
981 3897 1038 3937 me·

248 3979 307 4036 ruit
332 3979 463 4034 hactenns
489 3994 537 4049 per·
565 3992 615 4031 ros
636 3977 848 4044 decessoresque
871 3982 987 4039 vestros,
1010 3979 1038 4026 et

247 4071 445 4142 temporalibus
456 4070 540 4124 loreri
552 4069 703 4134 beneficiis,
718 4077 746 4121 et
756 4065 944 4136 spiritualibus
960 4062 1037 4118 rellci

248 4165 444 4220 ncraureutis.
472 4161 593 4217 Tenetur
618 4171 646 4217 et
670 4162 728 4231 ipsa
755 4161 832 4216 robis
857 4169 986 4229 tanquam
1010 4158 1037 4211 ia

247 4255 365 4325 quadam
381 4255 513 4324 spirituali
531 4254 635 4308 ratione
648 4253 703 4308 dati
731 4260 758 4307 et
783 4251 902 4321 accepti,
920 4258 948 4306 et
962 4249 1039 4304 iulir·

248 4343 1038 4412 tuarrtibusceltiberesolatium,etdecedentibuspraestore

248 4439 415 4507 sepulcrum.
433 4439 584 4508 Rependile
603 4451 678 4492 trees
706 4445 828 4506 paternae
842 4432 1038 4491 consolationis

1092 3359 1191 3398 sanare
1206 3359 1260 3398 non
1281 3346 1403 3414 potueris
1428 3344 1629 3402 exhortationis
1653 3346 1783 3401 lontcrrto.
1810 3346 1885 3412 lingo

1090 3448 1151 3498 ros,
1171 3444 1199 3488 ut
1215 3435 1329 3501 litteras,
1343 3453 1413 3507 quas
1433 3452 1514 3508 super
1539 3439 1591 3493 lroe
1606 3437 1714 3506 negotio
1726 3438 1804 3491 rrrilto
1826 3436 1884 3503 (76)

1090 3526 1183 3580 abbati
1198 3538 1226 3582 et
1245 3530 1363 3599 capitulo
1377 3546 1438 3597 suo,
1450 3529 1573 3586 celtiberi
1590 3530 1697 3586 lariatis
1709 3545 1756 3599 per
1771 3532 1838 3584 rlrros
1850 3530 1884 3582 de

1051 3620 1052 3624 ’
1092 3619 1235 3673 canonicis
1254 3622 1365 3685 restris,
1379 3637 1413 3677 ne
1428 3623 1498 3678 ioue
1520 3623 1604 3691 aliqui
1630 3636 1678 3677 ess
1692 3621 1824 3690 sepeliant
1837 3631 1885 3674 aut

1090 3709 1274 3777 supprimant,
1290 3721 1318 3765 nt
1331 3714 1366 3766 ab
1384 3713 1446 3768 aliis
1461 3715 1547 3768 sideri
1562 3714 1734 3782 nonpossint
1750 3729 1757 3765 ε

1269 3802 1353 3876 408
1361 3802 1529 3860 uorsibus
1544 3804 1707 3861 chxxxt.

1143 3931 1177 3970 to
1193 3930 1335 3970 BEMERU!
1344 3932 1466 3972 testreet
1479 3933 1513 3971 ET
1525 3932 1677 3972 CdPl'l'llLUH
1693 3932 1717 3973 S.
1730 3932 1850 3972 tiburti.
1866 3924 1875 3980 i

1091 4006 1216 4078 increpat
1246 4007 1364 4060 eumdem
1391 4008 1535 4130 “⁶5⁰¹le
1549 4009 1619 4076 quod
1644 4007 1721 4077 officii
1735 4008 1777 4062 rut'
1796 4012 1882 4078 portet

1421 4093 1469 4147 neg
1482 4094 1523 4147 rgo
1538 4114 1547 4132 .

1127 4171 1186 4224 lluo
1200 4169 1266 4224 milri
1282 4183 1428 4238 superesse
1441 4170 1586 4225 credebam
1600 4170 1707 4237 solatia,
1722 4171 1881 4227 memoriam

1090 4258 1236 4315 Getrorelae
1251 4260 1378 4329 virginis,
1393 4269 1419 4313 ct
1433 4258 1464 4312 B.
1482 4258 1586 4314 Eaurtii
1609 4258 1786 4323 cotrlessoris,
1813 4273 1882 4328 quo-

1090 4365 1150 4404 rum
1181 4350 1287 4406 alterno
1311 4351 1466 4406 delectabar
1493 4352 1667 4422 spectaculo,
1690 4359 1719 4406 et
1747 4351 1882 4405 inatubar

1090 4443 1226 4512 exemplo.
1239 4442 1371 4500 Jrrcrmdis
1389 4441 1584 4514 cogitationum
1603 4441 1734 4513 gradibus
1752 4442 1882 4496 deambu-

248 4534 410 4600 inlirmaoti,
435 4532 564 4602 quoniam
584 4530 750 4586 fortissimus
768 4537 811 4584 est
836 4529 950 4598 languor
969 4527 1039 4596 ejus,
1056 4524 1079 4585 D
1094 4537 1196 4599 labant,
1211 4543 1238 4590 et
1255 4535 1281 4590 in
1302 4534 1418 4604 virginis
1434 4545 1536 4596 moute,
1551 4543 1580 4588 et
1604 4534 1629 4587 iu
1645 4532 1809 4588 corilessoris
1824 4531 1882 4602 pla.

247 4632 278 4681 et
290 4623 403 4678 invaluit
421 4624 532 4677 traorbus
554 4622 614 4691 ejus
629 4620 761 4690 usquead
786 4619 1002 4688 desperationem
1014 4626 1042 4672 et

248 4716 366 4779 exitum,
385 4715 435 4768 nisi
451 4713 551 4768 lostino
574 4713 689 4769 consilio
711 4719 802 4766 restro
817 4719 846 4765 et
859 4709 960 4764 auxilio
976 4711 1041 4765 sub·

249 4806 366 4861 leretur.
396 4804 492 4862 lestm
522 4815 564 4861 est
588 4805 727 4869 Ecclesia,
752 4804 829 4858 robis
853 4803 987 4859 morietur
1011 4811 1039 4859 et

248 4896 333 4957 rivet,
347 4907 438 4952 restra
451 4899 566 4952 interest
588 4896 647 4963 ejus
662 4895 784 4950 consiliis
800 4894 944 4960 interesse,
958 4903 1041 4964 caput

248 4986 311 5058 ejus
325 4989 494 5059 languidum,
512 5005 560 5045 cor
574 4989 633 5058 cius
647 5003 778 5054 moerens,
793 4990 917 5044 membra
932 4987 1040 5056 stupide

247 5091 275 5135 et
296 5082 413 5150 infirma,
431 5084 522 5150 potios
535 5085 569 5138 ad
582 5083 721 5137 delectum
735 5096 816 5150 quam
831 5081 865 5135 arl
886 5079 1039 5150 proiectum

247 5182 390 5228 consueta.
407 5174 570 5244 liegularem
595 5173 769 5240 disciplinatu
792 5171 978 5241 imprudenter
990 5172 1039 5227 ab·

244 5265 358 5334 jioiunr,
384 5267 556 5338 irupndentcr
579 5276 769 5323 contemnunt.
798 5267 872 5351 luter
896 5279 944 5321 ens
959 5279 1039 5321 senes

284 5440 342 5523 (71)
353 5440 419 5524 ilrat
439 5444 553 5500 ecclesia
577 5444 607 5502 S.
633 5443 738 5501 Erurtii
761 5446 968 5501 Aurelianensis
989 5461 1037 5515 per

247 5512 389 5591 pontillum
403 5514 551 5584 diplomata
567 5515 619 5572 sub
644 5515 726 5571 tutela
741 5525 770 5571 et
785 5516 937 5584 patruinio
951 5515 981 5571 S.
991 5530 1037 5571 ee·

249 5583 292 5660 das
303 5583 469 5650 apostolicae,
482 5599 536 5656 qua
550 5586 584 5640 dc
598 5599 682 5641 cause
694 5595 772 5641 rorat
786 5585 883 5641 eamS.
895 5587 1037 5657 sedisspe·

248 5649 347 5705 ctalem
363 5652 457 5709 liliam.

250 5785 258 5798 α
284 5718 342 5792 (15)
355 5721 466 5804 §cilicet
480 5723 612 5780 Manassis
622 5724 654 5780 de
666 5725 813 5796 (lanianda,
824 5741 905 5796 quem
917 5725 1035 5784 diximus

251 5803 277 5843 m
294 5793 383 5850 medio
396 5793 508 5861 capituli
530 5786 559 5852 S.
575 5794 679 5852 Eturtii
698 5797 783 5854 tuisse
808 5797 980 5860 tumulatum.

1095 4627 1173 4691 tritie,
1190 4641 1250 4681 cum
1266 4627 1293 4681 in
1310 4637 1426 4694 utroque
1445 4632 1605 4680 occrrrreret
1620 4624 1684 4678 milti
1699 4638 1805 4678 sacrum
1821 4625 1881 4678 coln

1094 4719 1193 4789 legium
1226 4734 1338 4787 germen
1367 4716 1537 4779 delectabile,
1560 4723 1635 4771 easta
1655 4719 1794 4785 generatio
1818 4731 1881 4773 cum

1092 4811 1236 4873 clraritate,
1256 4811 1387 4866 terribilis
1412 4817 1443 4864 ut
1470 4818 1622 4864 castrorum
1650 4809 1725 4863 acles
1743 4809 1880 4864 ordinato.

1092 4904 1271 4961 Nuncautem
1298 4904 1413 4961 lunestis
1436 4903 1615 4959 relationibus
1641 4902 1786 4973 impulsus,
1803 4906 1881 4974 quasi

1092 4996 1381 5066 tractemundum
1409 4996 1512 5050 lirrrtiue
1535 4994 1634 5052 effosso
1662 4995 1830 5059 claudicant,
1855 5007 1883 5052 et

1091 5087 1248 5150 caecutiens,
1266 5100 1281 5140 a
1296 5086 1383 5141 cineis
1398 5085 1519 5155 Ertgnddi
1539 5085 1596 5157 (Π)
1616 5085 1742 5142 retrahor
1756 5086 1789 5138 ad
1802 5100 1881 5139 oroa-

1067 5243 1069 5246 .
1092 5188 1145 5234 terit
1164 5178 1335 5249 coagulatum
1352 5188 1380 5232 rt
1396 5178 1536 5247 pinguem,
1562 5179 1608 5232 ubi
1627 5178 1706 5247 quies
1723 5173 1879 5242 trarrqnilla,

1090 5282 1117 5325 ct
1133 5270 1317 5340 tranquillitas
1331 5279 1373 5325 est
1385 5270 1488 5340 quieta.
1501 5271 1547 5326 Vre
1562 5269 1667 5324 miiaiin
1681 5265 1811 5321 extremis
1823 5266 1882 5320 die-

1126 5451 1182 5524 (16)
1200 5451 1246 5506 tte
1258 5450 1355 5505 litterae
1368 5459 1433 5505 suut
1454 5449 1574 5519 ipsemet
1598 5461 1659 5515 quse
1677 5425 1812 5499 iubentur
1828 5458 1877 5496 nu·

1089 5538 1165 5577 narro
1179 5522 1303 5590 scrqrtruti
1317 5520 1380 5575 stt.

1124 5591 1182 5662 (77)
1197 5589 1386 5647 Olimabbatia
1398 5589 1427 5644 S.
1440 5586 1542 5642 Erurtii
1556 5584 1607 5640 site
1622 5593 1683 5640 erat
1694 5590 1770 5638 extra
1785 5595 1878 5635 marroc

1088 5662 1164 5725 prbis
1177 5659 1392 5721 Aurelianensis,
1413 5668 1438 5712 et
1453 5657 1539 5710 tineis
1555 5655 1656 5709 citrcta.
1671 5654 1785 5708 llbltatia
1811 5663 1878 5706 reru

1089 5732 1119 5789 S.
1133 5730 1278 5788 Gestorelae
1298 5727 1460 5785 Parisieusls
1473 5735 1526 5782 stat
1544 5727 1571 5781 iu
1586 5727 1687 5781 orontis
1699 5721 1851 5782 cecotuioer
