4425 6450
267 417 322 480 ott

989 417 1180 478 testona.

1853 420 1906 475 bii

267 553 323 602 ruo,
349 537 458 592 beatum
480 544 592 608 postea:
608 536 672 607 quia
695 538 728 595 ad
744 536 941 595 beatitudinem
956 539 1058 609 gradus
1074 538 1134 600 lli)
1150 536 1257 594 felicem
1272 533 1432 593 violentiam
1450 553 1503 608 qus
1527 551 1639 611 regnum
1660 537 1791 595 coeiornm
1810 538 1906 607 diripi-

265 640 308 687 cst
324 631 441 693 bonitas,
458 631 526 685 sicut
542 630 662 685 fructum
690 630 715 686 in
735 632 908 688 naturalibus
928 631 977 688 dos
991 649 1060 703 prrc·

261 724 351 778 cedit.
369 722 419 777 Ubi
446 738 475 777 se
499 724 586 778 bonus
605 724 631 777 in
649 720 742 779 dorem
758 738 810 779 non
823 725 942 790 inderit,
970 727 1060 782 inanis

263 823 307 867 est
317 812 458 867 tractuum
468 814 647 881 exspectatio,
663 813 762 869 necilli
774 814 912 870 beatitudo
924 817 1060 886 speranda

263 914 318 969 est,
334 903 377 958 cni
390 905 500 961 bonitas
513 920 565 959 lton
578 905 732 963 indorel.0
747 908 770 962 si
784 907 913 976 juventus
928 921 972 964 lua
985 908 1060 966 doris

265 995 346 1066 iulius
362 998 520 1053 aristenitate
535 1000 712 1064 vernaverit,
729 1003 912 1070 vernantique
934 1004 1058 1072 puiebri-

265 1091 351 1145 tudini
367 1092 450 1145 etiam
472 1092 565 1145 odoris
580 1101 701 1147 suardus
726 1095 862 1148 societur!
891 1094 959 1151 liuie
986 1109 1060 1152 certe

263 1183 322 1240 dori
337 1199 391 1238 uon
406 1184 507 1238 desinit
519 1184 628 1239 decoris
644 1187 790 1242 arrroeuitas
802 1227 810 1250 ,
824 1198 851 1241 ct
866 1189 958 1243 orieris
968 1190 1061 1243 suavi·

261 1286 319 1338 tas,
342 1276 403 1343 quia
419 1274 539 1342 gravitas
553 1275 702 1344 disciplinas
726 1286 753 1331 et
768 1277 859 1346 opinio
882 1278 959 1333 bonas
979 1283 1059 1335 l'anrte

265 1368 419 1421 inserviunt
435 1368 563 1421 lumitati.
583 1367 683 1422 Verum
700 1368 775 1424 doris
788 1370 868 1437 burins
885 1387 971 1442 genus
985 1373 1057 1427 mni·

262 1460 350 1529 'tiplici
369 1460 510 1530 diligentia
540 1460 651 1527 coiitur,
675 1464 751 1517 etad
777 1465 856 1533 brrjus
880 1465 1059 1535 plriiosopirise

261 1553 448 1621 mysterium,
461 1562 566 1622 septem
578 1554 741 1623 quibusdam
750 1556 902 1627 grarlibns,
921 1558 999 1628 quasi
1019 1570 1059 1614 to·

266 1644 349 1700 tidem
366 1644 522 1716 disciplinis
539 1644 699 1702 liberalibus
721 1650 890 1718 pervehitur.
911 1650 1000 1706 Prima
1017 1660 1058 1708 est

264 1738 364 1792 artium
383 1738 496 1792 istarum
524 1738 685 1804 humilitas,
704 1755 849 1811 perquam
874 1751 902 1798 et
919 1745 1002 1799 horno
1020 1746 1054 1801 ad

263 1827 306 1881 sni
328 1828 512 1899 cognitionem
528 1830 680 1896 reducitur,
697 1840 724 1885 et
739 1836 940 1889 contemnenda
961 1836 1056 1892 saeenli

1112 641 1169 697 tur,
1182 632 1246 701 quia
1262 645 1359 688 revera
1374 629 1492 686 maxima
1502 646 1571 700 opus
1582 640 1624 688 est
1637 631 1767 687 violentia
1784 630 1810 685 in
1821 645 1906 687 carue

1112 723 1200 794 tragali
1216 735 1243 781 ιι
1263 737 1395 797 corrupta
1419 725 1622 798 perseverantis
1644 725 1783 794 pudicitur
1804 740 1906 796 propn-

1112 817 1193 871 situm
1209 818 1363 874 custodire!
1384 818 1441 874 iliis
1461 827 1552 872 tamen
1567 823 1609 872 est
1627 815 1719 877 tacite.
1733 830 1803 885 quos
1819 816 1906 870 illexit

1112 924 1191 962 amor
1205 920 1308 964 nostrae
1326 909 1457 982 Virginis,
1479 926 1540 979 quse
1555 924 1617 965 eunt
1638 908 1675 973 sit
1691 908 1792 977 ubique
1814 911 1905 977 impe·

1112 1001 1182 1054 riosa
1197 1010 1225 1056 et
1240 1010 1402 1070 praepotens,
1417 1010 1460 1057 est
1485 1002 1568 1057 ctianr
1583 1014 1616 1055 es
1638 1000 1815 1054 miseratione
1839 1015 1903 1068 gra-

1112 1093 1191 1156 tuita,
1208 1092 1230 1148 si
1248 1092 1319 1146 iliam
1345 1093 1492 1157 amaveris,
1518 1102 1651 1163 tuumque
1673 1092 1711 1147 iiii
1731 1091 1904 1148 dedicaveris

1111 1197 1221 1251 eorpus,
1236 1186 1286 1240 tibi
1302 1186 1384 1240 etiam
1404 1201 1456 1240 non
1472 1186 1560 1241 decrit
1572 1200 1650 1239 annor
1670 1200 1756 1239 virens.
1773 1184 1902 1254 Alioquin

1110 1275 1246 1343 utromodo
1263 1284 1361 1345 potcro
1373 1276 1414 1330 vei
1428 1276 1502 1331 iilum
1518 1277 1665 1344 respicere,
1679 1276 1722 1330 cui
1740 1284 1824 1329 tantae
1841 1292 1905 1329 sua-

1109 1368 1203 1422 vitatis
1225 1367 1339 1423 delicias
1360 1369 1465 1423 videam
1485 1383 1538 1422 nrm
1554 1367 1683 1437 plaeere?
1703 1367 1779 1434 Vale,
1797 1368 1857 1421 vinc
1878 1376 1903 1422 et

1111 1460 1194 1530 dilige
1208 1476 1290 1530 qnanr
1304 1459 1417 1531 diligere
1429 1470 1481 1524 est,
1494 1461 1589 1515 rivere
1601 1468 1627 1514 et
1645 1459 1750 1513 valere.

1387 1549 1552 1606 epistota
1574 1551 1621 1606 xi.

1254 1658 1287 1697 sn
1307 1658 1332 1697 e.
1350 1658 1495 1698 sostenes
1516 1644 1757 1701 rosrrsrac'euses.

1110 1731 1237 1789 Ferarum
1265 1735 1489 1788 instituendorum
1515 1737 1675 1792 novitiorum
1695 1740 1718 1792 ei
1740 1741 1899 1808 prescribit.

1146 1827 1237 1881 Fratri
1257 1838 1285 1881 et
1304 1827 1394 1882 audeo
1414 1827 1441 1881 in
1466 1827 1577 1881 cbristo
1603 1829 1766 1885 cinarissiruo
1788 1830 1820 1885 G.
1843 1848 1901 1886 nm-

262 1929 371 1983 qgnpas
383 1929 524 1983 euocetur,
542 1928 667 1984 Secunda
678 1940 720 1984 est
730 1930 861 2001 pqppch,
874 1937 976 1999 omps,
992 1949 1054 2004 φη.
1070 1911 1092 1965 Β
1107 1922 1195 1974 nacbo
1210 1920 1423 1986 Pontiniucensi,
1438 1920 1524 1975 irater
1537 1922 1569 1975 Α.
1581 1931 1724 1992 peccator,
1738 1923 1854 1980 salutem
1872 1925 1900 1981 in

264 2020 424 2075 carnalibus
451 2021 612 2077 adversatur
645 2022 801 2088 illecebris,
838 2035 867 2079 nt
900 2026 1053 2082 antidotum

260 2114 438 2170 continentie
453 2114 599 2171 incentivis
616 2116 762 2172 libidinum
783 2128 945 2187 opponatur.
960 2118 1053 2176 Tertia

262 2216 304 2262 est
320 2206 464 2271 sobrietas,
481 2215 567 2263 mater
580 2208 764 2273 continentiae,
778 2211 818 2266 vel
831 2213 967 2281 pudicitia·
993 2228 1054 2283 que

263 2300 326 2353 dum
343 2299 438 2353 recidit
454 2312 534 2353 onrne
559 2298 744 2369 superfluum,
759 2304 925 2359 insolescere
941 2322 992 2361 riou
1007 2321 1054 2378 pa·

261 2392 329 2445 titur
343 2406 442 2461 corpus
454 2391 580 2447 celeriter
590 2395 764 2449 moriturum.
778 2396 880 2463 erarta
896 2405 938 2453 est
952 2399 1054 2455 veritas

262 2498 334 2553 qun,
348 2484 411 2539 dum
425 2483 649 2553 regulisjustitiae
670 2485 790 2557 linguam
814 2491 924 2554 erudit,
945 2492 1054 2546 ratrila·

260 2584 316 2631 tent
332 2586 358 2631 et
370 2574 541 2631 mendacium
565 2575 645 2632 labiis
665 2576 812 2636 interdicit.
830 2582 928 2649 Quinta
948 2596 989 2640 est
1005 2590 1053 2642 be·

260 2668 380 2739 nignitas
392 2685 461 2738 qua,
485 2679 538 2724 tarn
554 2679 632 2726 caula
651 2673 896 2743 circumspectione
917 2694 980 2748 erga
995 2695 1055 2735 om-

261 2775 324 2814 nem
346 2761 483 2817 borninenr
500 2762 567 2830 agit,
583 2763 690 2818 utnuili
718 2766 801 2821 iaciat
819 2770 891 2837 quod
906 2768 979 2837 juste
999 2773 1053 2842 pati

261 2851 321 2918 ipsa
335 2867 388 2905 nnus
400 2853 476 2907 velit.
497 2854 581 2911 Sexta
603 2866 644 2911 est
673 2858 773 2928 pietas,
803 2876 863 2931 qum
893 2871 946 2916 tam
978 2863 1053 2936 larga

261 2942 425 2999 iiberalitate
449 2945 577 3003 fraternis
611 2965 642 3004 se
670 2952 884 3009 necessitatibus
923 2958 1052 3026 exponit,

263 3046 366 3101 qnanta
393 3037 444 3091 sibi
468 3040 608 3095 subreniri
633 3042 659 3096 in
685 3058 733 3098 sua
748 3045 913 3103 necessitate
925 3050 1051 3119 requirit.

261 3126 383 3195 Septima
408 3139 451 3184 est
478 3133 610 3199 ebaritas,
641 3152 713 3205 quas,
743 3138 827 3192 Deum
856 3146 931 3194 tanto
958 3156 1052 3198 amore

259 3219 468 3289 complectitur,
482 3235 519 3278 nt
535 3227 671 3284 mandatis
686 3229 745 3299 cjns
761 3232 916 3289 nullatenus
937 3233 1052 3290 relucte-

260 3319 316 3367 tur.
324 3313 362 3367 Ex
376 3314 418 3370 bis
432 3325 535 3384 septem
548 3318 699 3389 disciplinis
710 3323 1054 3396 liberalibusprmcnitbo·

260 3402 333 3460 nitas
345 3406 387 3460 cui
404 3421 509 3462 sumnre
526 3408 1053 3486 bonusbeatitudinempollicetur.Qum

259 3493 517 3565 disciplinaemerito
533 3500 662 3558 liberales
681 3504 828 3571 dicuntur,
847 3507 910 3576 quia
931 3524 999 3577 qnos
1018 3511 1052 3566 ad

259 3587 400 3643 coeiestenr
410 3589 608 3662 piriiosopbiam
620 3593 763 3651 instituunt
772 3601 1052 3669 expeditosellibcros

258 3691 286 3735 et
301 3680 435 3739 libertatis
449 3683 545 3752 spiritu
557 3686 652 3755 plenos
661 3689 831 3748 reddendos
842 3695 949 3752 tirnoris
962 3707 1051 3753 antem

259 3778 432 3848 magisterio,
447 3779 481 3836 de
501 3781 624 3848 magistri
640 3781 720 3850 lurjus
742 3785 878 3842 auditorio
899 3797 973 3845 artes
992 3791 1051 3847 istre

259 3869 410 3939 dicuntur,
432 3877 495 3946 quia
516 3880 611 3947 procul
633 3882 734 3944 dubio,
764 3881 809 3950 qui
832 3882 938 3938 timoris
962 3884 1052 3941 renuit

259 3976 321 4018 esse
335 3965 496 4036 discipulus,
514 3987 564 4026 uec
580 3972 668 4028 bonus
684 3988 744 4028 esse
754 3975 864 4042 poterit,
878 3989 927 4030 nec
942 3974 1050 4033 beatus.

259 4053 395 4126 Scriptum
420 4061 519 4131 quippe
542 4072 585 4118 est
613 4081 620 4117 ι
648 4064 700 4130 eri
725 4067 782 4120 siue
806 4067 900 4121 timere
922 4079 971 4137 est,
1000 4086 1051 4126 ιιι

259 4150 448 4220 §iustificabitur
464 4154 561 4223 (dccli.
577 4161 609 4227 r).
637 4157 705 4212 Corn
733 4158 818 4230 igitur
836 4161 918 4216 timor
944 4161 979 4217 sit
997 4163 1051 4217 ini·

260 4242 327 4297 liunt
351 4245 510 4312 sapientiae,
526 4246 549 4302 si
571 4262 668 4316 sapere
688 4249 781 4319 cupis,
805 4249 890 4306 Deum
908 4251 983 4306 time.
1013 4253 1051 4308 De

258 4331 343 4401 ipsius
358 4350 451 4392 cruore
469 4347 563 4402 taceo,
577 4338 640 4408 quia
654 4338 722 4394 satis
738 4350 781 4394 est
806 4341 854 4395 tibi
875 4341 984 4399 interim
1001 4359 1050 4415 per

259 4424 365 4480 timoris
388 4426 495 4482 initium
521 4428 737 4485 vitiisresistere
755 4429 865 4490 lubrica
880 4434 1049 4505 juventutis,

258 4515 345 4571 donce
368 4532 495 4587 processu
525 4523 655 4591 temporis
684 4524 718 4577 ad
743 4524 858 4579 virtutes
891 4524 1046 4594 proicias:

1107 2012 1210 2081 Spiritu
1227 2023 1333 2068 saneto.

1144 2106 1298 2175 lmportuna
1320 2106 1403 2163 niunis
1419 2108 1551 2163 instanlia
1567 2124 1621 2175 me,
1635 2109 1808 2172 charissime.
1826 2124 1901 2166 conr·

1105 2200 1209 2270 pulisti,
1225 2209 1254 2256 ut
1270 2202 1317 2257 tibi
1334 2201 1367 2256 de
1389 2202 1572 2258 redideatione
1593 2203 1691 2256 arrirnas
1707 2202 1809 2272 aliquid
1828 2204 1900 2259 scri·

1104 2293 1210 2359 berem,
1225 2305 1253 2348 ct
1272 2293 1389 2348 inaximo
1409 2293 1481 2363 qnod
1503 2294 1537 2348 ad
1556 2292 1757 2348 institutionem
1781 2293 1925 2349 novitio-s

1106 2399 1167 2439 runr
1188 2386 1324 2455 pertineat
1339 2393 1365 2439 ct
1381 2385 1542 2440 doctrinam.
1559 2384 1625 2439 nen
1649 2393 1724 2440 certe
1748 2383 1895 2454 postulasti

1107 2475 1261 2541 difficilem,
1287 2484 1315 2529 nt
1334 2489 1389 2546 qno
1410 2475 1491 2529 nrodo
1514 2474 1608 2529 norisii
1634 2475 1811 2529 instituantur
1834 2475 1900 2530 edo·

1106 2584 1194 2636 ceam,
1209 2570 1256 2639 qui
1273 2583 1323 2624 nec
1341 2570 1378 2623 lui
1395 2568 1421 2623 in
1435 2583 1495 2623 rnea
1508 2566 1688 2623 conversione
1702 2568 1831 2635 novitius,
1847 2582 1899 2624 nee

1107 2663 1197 2718 adlruc
1213 2664 1240 2718 in
1268 2678 1327 2717 mea
1350 2662 1400 2716 buc
1422 2662 1602 2717 conversione
1625 2659 1657 2732 [i.
1673 2658 1898 2733 conversatione]

1107 2740 1204 2807 rnaneo
1221 2753 1379 2810 innovatus.
1401 2753 1469 2808 Cum
1491 2755 1563 2807 enim
1593 2751 1739 2822 aliquando
1756 2752 1899 2808 canonicae

1105 2844 1273 2900 sinceritatis
1297 2845 1421 2900 albedine
1446 2844 1548 2900 iniclici
1573 2846 1737 2901 commercio
1752 2847 1778 2900 in
1802 2859 1900 2900 mona·

1105 2938 1186 2992 cirum
1201 2937 1415 3008 denigraverim,
1427 2949 1455 2993 et
1469 2954 1551 3003 nrrrre,
1566 2938 1621 2996 oco
1635 2939 1753 3006 volente,
1768 2939 1800 2994 de
1815 2939 1898 3009 plena

1106 3028 1150 3083 iiia
1166 3038 1193 3083 ct
1215 3029 1356 3099 peregriua
1382 3030 1522 3101 nigredine
1545 3030 1578 3084 ad
1607 3031 1754 3088 eandorem
1780 3033 1904 3102 virginit

1105 3119 1200 3175 liliosa
1217 3136 1345 3177 reversus
1360 3123 1424 3188 sim,
1439 3125 1504 3181 licet
1519 3141 1563 3181 rue
1584 3126 1761 3196 poeuitentcm
1787 3124 1897 3181 miseri·

1104 3229 1168 3270 cors
1190 3214 1236 3270 iiia
1258 3217 1429 3286 susceperit,
1451 3235 1504 3273 nun
1533 3229 1623 3275 tamen
1645 3221 1671 3274 in
1693 3220 1825 3276 rrovitium
1853 3236 1897 3278 me

1105 3308 1220 3378 recepit.
1242 3308 1275 3363 Et
1290 3319 1366 3365 certc
1381 3325 1443 3365 eum
1470 3317 1599 3366 relevate
1622 3311 1827 3368 deformitatem
1851 3312 1897 3367 ui·

1103 3401 1227 3471 gredinis
1238 3401 1356 3455 nondum
1380 3418 1452 3457 arne
1473 3415 1643 3473 praesumpte
1661 3404 1797 3462 institutio
1813 3404 1892 3461 novi·

1103 3492 1167 3548 tatis
1182 3492 1319 3558 obliteret,
1330 3508 1384 3562 qno
1399 3503 1477 3562 pacto
1491 3494 1676 3565 philosophari
1693 3511 1738 3553 nte
1752 3498 1896 3568 compellis

1104 3586 1138 3640 de
1158 3595 1259 3641 sanctae
1282 3584 1473 3655 splendoribus
1497 3586 1645 3642 ueritatis?
1660 3586 1784 3644 Noritius
1809 3589 1894 3655 eninr,

1103 3675 1125 3729 si
1143 3690 1199 3729 rem
1216 3675 1258 3729 sui
1275 3675 1394 3729 nonduis
1409 3683 1495 3740 tenet,
1511 3690 1545 3731 eo
1562 3690 1577 3729 a
1594 3679 1697 3732 veteris
1713 3677 1832 3733 bominis
1847 3680 1895 3734 dc·

1103 3766 1243 3822 formitate
1257 3767 1379 3832 exuitur,
1401 3767 1498 3836 quoin
1521 3769 1583 3823 novi
1599 3770 1718 3825 bominis
1739 3768 1894 3838 pulchritu-

1103 3861 1194 3914 dinem
1217 3874 1266 3928 pcr
1287 3859 1464 3914 correctioris
1491 3859 1555 3914 ritae
1570 3861 1691 3915 studium
1714 3859 1893 3918 reiorrnatnr.

1102 3950 1170 4019 Ego,
1186 3965 1237 4019 ego
1253 3951 1373 4004 vrorrdum
1395 3958 1526 4005 esclusa
1551 3951 1637 4005 veteri
1663 3951 1820 4007 necessario
1844 3950 1893 4005 tibi

1102 4043 1228 4097 excidere
1240 4044 1354 4097 sormam
1366 4045 1440 4098 nori.
1451 4042 1648 4099 Verrrmlamen
1661 4059 1695 4100 ex
1707 4044 1799 4100 debito
1811 4059 1894 4114 spon·

1102 4134 1187 4190 sionis
1199 4149 1266 4189 mere
1282 4142 1377 4190 teneor
1390 4135 1481 4190 dicero
1493 4134 1608 4206 ailquid,
1622 4137 1683 4206 quia
1699 4135 1831 4192 instantia
1845 4146 1891 4191 tua

1101 4226 1262 4298 promittere
1281 4243 1324 4283 nse
1337 4229 1438 4299 coegit.
1452 4228 1537 4300 lgitnr
1551 4230 1614 4298 quia
1630 4229 1724 4284 novitii
1739 4245 1754 4283 a
1768 4229 1893 4284 novitate

1102 4330 1335 4386 transsumuntur,
1351 4336 1411 4392 quae
1425 4321 1461 4376 sit
1485 4323 1543 4391 ipsa
1556 4323 1673 4389 novitas,
1689 4337 1749 4392 quse
1768 4331 1893 4377 vetustus

1101 4414 1141 4469 iili
1169 4418 1308 4471 contraria
1333 4417 1499 4486 inquiratur.
1518 4417 1552 4472 Et
1566 4417 1630 4487 quia
1648 4431 1701 4471 non
1726 4418 1802 4487 prius
1821 4417 1893 4488 quud

1100 4503 1245 4573 spirituale
1257 4517 1310 4572 ιιι,
1326 4509 1374 4563 sed
1396 4509 1469 4579 quod
1486 4507 1616 4574 animale,
1630 4509 1664 4564 de
1681 4509 1767 4564 veteri
1784 4509 1894 4566 bonriue

258 4607 330 4673 quod
354 4622 387 4661 ex
405 4609 496 4663 studio
517 4609 545 4663 iu
565 4613 678 4667 amoris.
693 4611 761 4668 Cum
782 4615 854 4668 enlm
867 4613 973 4669 initium
990 4628 1048 4670 ruo·
1064 4627 1086 4681 p
1101 4598 1177 4667 i)rius
1192 4600 1337 4653 Videndum
1351 4610 1404 4656 0⁵¹·

260 4698 334 4754 ribus
359 4699 395 4755 sit
409 4701 516 4766 anima,
532 4703 576 4757 eui
601 4705 694 4759 unitus
718 4713 770 4771 est,
785 4705 899 4772 sanitas,
915 4707 983 4761 satis
1006 4714 1049 4762 est

258 4792 367 4848 interint
380 4795 467 4849 rnrvrbi
480 4810 578 4850 enrrsas
591 4798 765 4863 exciderent
779 4814 833 4853 non
843 4799 962 4855 lumenta
973 4798 1046 4854 vitiis

258 4884 459 4940 rniuistrcutur.
472 4886 622 4955 Caeterum,
637 4887 674 4942 ult
686 4929 694 4953 ,
708 4888 733 4942 in
758 4887 812 4943 dne
831 4889 952 4957 epistolae
965 4903 1048 4943 unnrn

259 4976 306 5029 tibi
339 4978 463 5032 consulte
483 4981 601 5044 suadeo,
630 4981 702 5049 quud
733 4981 805 5036 sieut
837 4986 878 5035 est
897 4979 1046 5047 jureunduru

258 5078 286 5121 et
310 5066 400 5135 facile,
424 5069 460 5122 ita
481 5081 508 5124 ct
528 5071 695 5136 irorrestum,
722 5081 750 5126 et
780 5071 856 5139 utile,
886 5079 914 5125 el
938 5070 1047 5141 pienum

257 5160 352 5231 glorie
379 5171 405 5215 ιι
435 5162 557 5218 itouoris.
592 5163 705 5217 illariarn
741 5163 800 5218 cole
835 5173 862 5219 et
889 5163 989 5235 dilige,
1017 5165 1050 5220 il·

256 5252 310 5305 iam
329 5268 459 5308 venerare
477 5264 506 5308 et
523 5254 615 5318 lauda,
639 5255 676 5308 iili
707 5255 815 5310 mundis
836 5264 864 5309 et
886 5255 1044 5310 medullatis

256 5345 364 5400 studeto
386 5345 492 5414 plaeere
517 5347 666 5415 obsequiis,
689 5361 768 5416 quarn
793 5347 833 5400 sic
860 5361 914 5400 uon
939 5345 1049 5402 dubites

257 5435 341 5491 totius
364 5437 484 5492 dulcoris
513 5447 541 5493 et
568 5439 661 5494 odoris
691 5440 821 5509 praeferre
849 5436 1046 5507 plenitudinem

256 5529 466 5598 praecellentem.
481 5530 555 5585 ilianr
571 5529 619 5585 tibi
636 5531 662 5585 in
684 5538 799 5585 matrern
815 5529 935 5598 suscipe,
951 5526 978 5582 in
996 5542 1048 5582 uu·

257 5619 354 5675 tricem
369 5621 476 5689 dedica,
487 5621 559 5692 elige
583 5622 609 5674 in
621 5634 758 5688 sponsam,
771 5618 797 5673 in
812 5619 927 5674 amicam
943 5619 1048 5674 eonsti-

257 5720 319 5767 tue:
336 5729 417 5783 qnam
433 5729 494 5770 curn
515 5714 659 5770 charitatis
674 5718 729 5767 tuse
742 5710 814 5767 dono
831 5711 1000 5775 investieris,
1020 5717 1049 5764 ιι

258 5804 360 5857 scitioris
373 5805 430 5873 ejus
445 5804 599 5862 suavissimi
612 5802 757 5875 pncdulcia
768 5802 969 5857 obiectamenta
984 5815 1048 5872 per·

259 5898 390 5967 ιιιιιιιι,
406 5899 505 5954 nullam
521 5911 632 5970 prorsus
650 5895 729 5953 aliana
744 5895 904 5969 contingere
918 5893 1044 5967 patieris.

1137 4689 1339 4757 eratnorsuut
1354 4691 1493 4760 inquibus
1509 4691 1565 4747 Ιιιιι
1582 4699 1704 4746 vetustas
1721 4692 1892 4761 potissimum

1101 4785 1302 4848 consideratur,
1321 4783 1427 4840 seilicet
1442 4798 1520 4839 antor
1539 4784 1650 4847 rutundi,
1672 4798 1738 4838 cura
1756 4785 1891 4854 snperdna

1101 4878 1202 4946 proprii
1217 4877 1354 4948 corporis,
1374 4893 1439 4932 usus
1464 4877 1608 4947 peccandi,
1625 4877 1752 4933 defensio
1774 4881 1891 4949 peccati.

1100 4970 1184 5022 autor
1200 4969 1291 5023 mnndi
1308 4967 1406 5038 triplici
1426 4970 1547 5025 animum
1567 4978 1704 5026 retustate
1718 4970 1892 5041 corrumpit:

1100 5062 1226 5116 accendit
1245 5061 1318 5115 eninr
1340 5075 1402 5116 eunt
1420 5076 1453 5117 ex
1480 5063 1618 5120 desiderio
1644 5063 1796 5134 dignitatis,
1818 5064 1893 5119 iullat

1100 5168 1162 5208 cnm
1174 5153 1293 5221 appetitu
1305 5167 1383 5207 ransc
1395 5152 1599 5222 landis,onerat
1610 5165 1637 5212 el
1647 5165 1777 5228 aggravat
1789 5156 1892 5212 divitiis

1100 5245 1272 5315 quaestuosis.
1296 5244 1361 5300 ilaec
1386 5253 1490 5313 orunla,
1514 5259 1562 5302 aut
1587 5250 1621 5305 de
1645 5249 1737 5306 cordis
1757 5248 1888 5317 superbia

1100 5337 1224 5402 veniunt,
1235 5345 1282 5392 aut
1300 5337 1389 5393 eidem
1407 5342 1542 5409 superbie
1558 5339 1680 5395 iumenta
1697 5350 1847 5410 suggerunt
1862 5349 1890 5395 et

1100 5435 1267 5497 supponunt.
1284 5425 1361 5482 ilium
1386 5444 1452 5484 vero
1475 5429 1603 5484 animalis
1625 5430 1812 5499 corrrrptionis
1835 5431 1893 5484 dis·

1100 5519 1199 5588 pernlio
1217 5533 1329 5575 necesse
1355 5529 1398 5575 est
1414 5521 1554 5592 arrtiqnari
1577 5530 1604 5577 et
1627 5537 1783 5588 senescere,
1803 5532 1828 5578 et
1853 5523 1889 5579 ita

1099 5611 1285 5683 propinquare
1305 5612 1339 5666 nd
1363 5611 1520 5679 interitum,
1540 5629 1621 5684 quem
1649 5624 1757 5671 constat
1783 5630 1890 5672 senene

1099 5704 1233 5775 superbie
1255 5719 1317 5760 esse
1339 5705 1482 5761 iulccturn.
1506 5707 1643 5778 Antiquus
1665 5710 1739 5765 eninr
1764 5725 1889 5780 serpeus,

1100 5799 1163 5852 unm
1191 5795 1298 5852 initium
1323 5797 1413 5852 orrrrris
1440 5798 1546 5867 peceati
1573 5801 1728 5868 superbiam
1759 5801 1889 5857 immuunt

1101 5904 1206 5949 craturae
1229 5893 1255 5949 in
1276 5893 1334 5951 suis
1350 5889 1437 5947 aribus·
1454 5893 1528 5951 titiis
1544 5895 1755 5954 venenatissime
1772 5896 1889 5954 iustilia-
