4425 6450
250 437 306 495 ιιι
647 440 844 501 sunuonss.
865 470 901 487 -
919 439 1023 498 sunu.
1042 438 1139 495 xxtu.
1156 439 1190 495 tn
1212 439 1268 495 otu
1282 437 1489 497 eauuauuu.
1836 413 1907 493 tte.

247 557 411 629 specialiter
430 558 459 614 in
484 558 600 617 {loratino
623 560 784 629 plantamur,
801 572 866 619 sunt
887 564 938 618 uiri
953 562 1042 619 sancti
1059 563 1081 623 ,i
1097 558 1207 614 delicati
1231 557 1316 612 nostri
1344 556 1487 626 temporis,
1501 554 1548 625 qtti
1569 554 1595 608 iu
1618 552 1763 625 adeptione
1787 552 1889 607 bertell-

247 659 278 707 et
293 648 421 720 perlecti,
433 649 534 719 natibus
546 650 722 707 familiaritas
738 668 835 709 ausum
850 655 997 711 accedendi
1010 655 1046 710 ad
1097 655 1203 709 ciorum
1225 652 1319 706 raltmt
1335 666 1395 707 esse
1412 648 1505 706 clerici
1520 666 1528 703 a
1544 650 1571 705 in
1597 648 1707 714 uestitu,
1727 645 1887 719 principes:

247 738 338 797 Βειιιιι
364 750 538 811 contemptus
562 756 653 797 rerum
682 743 878 812 temporalium
908 745 1044 815 prebuit,
1096 748 1123 802 in
1141 756 1262 811 tonsura,
1278 745 1403 800 milites:
1420 743 1447 800 in
1464 742 1532 809 uita,
1548 757 1599 799 uec
1612 742 1638 798 hi
1655 756 1706 798 nec
1733 741 1770 796 illi
1794 738 1889 794 rnlttnt

246 832 336 888 ctiam
354 841 382 887 et
398 832 531 904 aspiratio
556 832 655 887 utrina
683 833 780 903 pratia
808 833 962 892 dulcoravit
979 834 1045 893 atte-
1094 852 1237 907 apparere.
1255 835 1435 907 licqueenim
1460 844 1582 905 preparant
1607 843 1637 890 ut
1661 833 1774 897 militas,
1799 845 1888 899 neque

247 933 337 981 ctum
349 922 401 992 Qui
415 924 637 997 contemplantur
651 936 777 982 staturam
800 927 963 996 diuinitatis,
986 938 1045 984 tan·
1094 928 1218 983 subditos
1232 942 1297 981 suos
1311 934 1410 994 regunt
1421 935 1451 980 ut
1464 925 1527 980 boui
1541 925 1689 996 principes,
1704 924 1766 979 etsi
1782 923 1816 978 dc
1830 920 1886 976 vita

246 1026 354 1085 piantur
373 1016 492 1088 spiritali
505 1017 663 1085 dulcedine,
677 1020 803 1076 oratione
816 1021 1042 1092 loquunutrcum
1094 1015 1452 1091 quarttttrtrequeminsta
1481 1016 1590 1075 choreis
1621 1017 1790 1083 saltantium,
1804 1029 1886 1086 uttam

246 1109 316 1174 lieo,
328 1109 476 1165 tleuotione
488 1098 599 1180 pulsant
612 1110 707 1178 caelos,
728 1123 756 1169 et
769 1114 904 1170 intersunt
928 1117 1042 1173 secretis
1094 1113 1121 1168 in
1151 1112 1240 1168 cltnro
1270 1112 1326 1166 lieo
1351 1108 1526 1180 psallentium
1562 1111 1748 1166 irtueuiuntur.
1778 1108 1887 1175 Quaerat

244 1202 420 1268 mteeubua,
442 1212 470 1258 et
491 1220 553 1260 cum
580 1202 666 1261 Paulo
686 1206 779 1263 dicere
790 1218 927 1277 possunt:
944 1208 1042 1268 Nostra
1093 1206 1175 1263 modo
1185 1207 1220 1261 ab
1235 1205 1296 1262 istis
1310 1206 1450 1272 Christus,
1465 1204 1538 1260 sicut
1551 1202 1616 1260 olim
1632 1219 1646 1258 a
1663 1202 1726 1257 liliis
1750 1201 1885 1268 Zebctlui,

243 1293 525 1351 autemconrersatio
540 1296 568 1351 in
582 1297 664 1353 coelis
678 1306 721 1353 est
734 1296 867 1371 (Philipp.
895 1303 948 1371 ιιι).
972 1304 1043 1361 sain
1092 1297 1211 1354 Potestis
1223 1298 1318 1353 bibere
1331 1296 1457 1361 calicem,
1479 1311 1561 1367 quem
1592 1310 1644 1367 epo
1666 1294 1802 1350 bibiturus
1825 1309 1887 1349 sum

242 1383 304 1450 alii,
327 1385 375 1457 qui
401 1386 526 1457 rubigine
549 1397 725 1459 peccatorum
750 1391 840 1448 adbuc
864 1395 1040 1454 obscuratam
1092 1390 1208 1463 (llotth.
1228 1390 1299 1460 ΧΨ
1319 1390 1390 1459 Quid
1419 1390 1622 1457 lesl0¹¹ll⁰l³¹¹¹¹¹
1642 1388 1680 1454 ⁰3,
1699 1386 1821 1458 ¹¹¹¹¹¹ll¹¹M
1846 1387 1887 1441 ²¹5·

242 1478 350 1533 habeut
362 1479 572 1548 conscientiam,
592 1491 620 1536 et
636 1481 740 1540 illicitis
755 1486 899 1542 desideriis
920 1490 999 1545 tractl
1024 1506 1040 1547 a
1092 1494 1166 1552 cent,
1194 1485 1363 1557 possumusl
1379 1483 1524 1540 Videamus
1548 1498 1637 1553 crgo:
1664 1480 1736 1537 Bibit
1760 1479 1886 1536 Christus

240 1570 478 1642 contemplatione
494 1570 542 1627 bat
557 1572 739 1644 repelluntur,
756 1592 825 1648 quos
843 1581 926 1637 tantis
939 1582 1041 1639 delitiis
1092 1577 1204 1635 calicem
1219 1578 1358 1644 patientia
1371 1585 1398 1634 et
1412 1577 1527 1642 laboris,
1543 1577 1612 1631 bibit
1628 1576 1742 1631 calicem
1754 1571 1888 1644 sapietiae

241 1658 373 1732 indiguos
388 1660 648 1732 ludicatllominus,
663 1668 844 1728 utsuavitate
871 1674 1042 1746 contempla·
1091 1679 1120 1726 et
1135 1670 1249 1736 doloris,
1272 1670 1342 1724 bibit
1364 1668 1480 1725 calicem
1506 1667 1607 1723 lactitiae
1629 1677 1657 1722 et
1679 1664 1884 1722 consolationis.

243 1753 330 1810 tiociis
346 1752 446 1811 lutura
462 1756 527 1811 ritae
539 1757 639 1829 paudia
653 1759 758 1829 possint
770 1774 949 1834 prepostare.
1091 1759 1213 1818 Primum
1233 1760 1302 1816 bibit
1327 1762 1437 1832 quando
1458 1759 1614 1823 maledicta,
1643 1758 1769 1828 titinnius,
1787 1770 1887 1827 oppro-

278 1844 329 1902 lsti
343 1860 411 1919 erpo
422 1855 552 1917 unquam
572 1847 675 1906 ittssrtnl
688 1851 786 1910 denote
804 1856 1041 1929 respiciuntcbri·
1090 1854 1163 1919 bria,
1174 1863 1203 1911 et
1216 1852 1325 1908 labores
1338 1852 1471 1924 plurimos
1487 1860 1552 1907 ante
1564 1850 1719 1922 passionem
1741 1851 1769 1903 in
1793 1855 1887 1903 nostra

240 1938 278 1993 sti
296 1938 506 2007 huutauitatcm,
522 1941 549 1996 in
564 1956 618 2013 quta
631 1956 687 1998 snae
699 1942 797 2004 salutis
824 1961 936 2005 causam
962 1968 1041 2010 reco-
1091 1956 1189 2002 tratura
1203 1946 1341 2015 patienter
1355 1943 1485 2000 sustinuit
1498 1958 1506 1997 τ
1517 1944 1551 1999 ad
1567 1943 1644 2013 cuijus
1655 1941 1753 1999 calicis
1765 1940 1885 2013 potatio·

239 2038 382 2098 eumcum
412 2048 420 2086 a
446 2039 521 2089 stant
544 2031 625 2102 Juxta
654 2048 766 2092 crucem
796 2039 916 2110 Domini,
932 2050 960 2100 ει
976 2061 1039 2103 cam
1091 2032 1886 2105 tremsiinritcnturillidequibusjatndixituns,pror·

239 2121 351 2178 'l'ltoma
364 2123 478 2180 mittunt
495 2140 607 2182 manum
618 2142 697 2185 suam
712 2130 740 2185 ln
758 2130 819 2188 loca
843 2134 997 2204 clavorum,
1011 2147 1040 2196 et
1090 2144 1138 2185 ⁸¹¹⁸
1151 2128 1226 2184 illum
1242 2128 1385 2184 festidium
1402 2144 1410 2184 ἓ
1429 2142 1461 2183 θθ
1476 2128 1550 2198 (111οᾱ
1573 2127 1643 2182 'illc
1670 2135 1776 2196 partem
1804 2139 1884 2179 sulm

237 2216 424 2275 deuotissime
437 2221 592 2292 suscipiunt
606 2225 779 2296 sanguinem,
797 2229 845 2300 qtti
870 2228 973 2288 effusus
996 2243 1040 2290 ρει
1090 2226 1227 2289 reputent,
1244 2220 1282 2274 uli
1299 2219 1410 2284 delitiis,
1426 2224 1454 2274 et
1471 2217 1526 2274 lrul
1550 2217 1639 2274 bouis
1656 2216 1729 2273 Bibit
1756 2214 1885 2272 Christus

238 2309 453 2368 iaabhttionem
479 2326 668 2384 peccatorum.
685 2318 806 2376 Accedat
829 2321 912 2393 igitur
925 2323 960 2380 ad
976 2340 1039 2383 cru·
1089 2311 1201 2368 0²¹l⁰⁰¹¹¹
1216 2310 1319 2381 (¹9¹⁰l58
1336 2310 1519 2383 ellfldufflaet
1539 2312 1649 2381 l⁰⁸¹¹t¹⁰
1672 2316 1750 2381 ⁸lll¹⁸²
1773 2317 1801 2365 ⁰²
1825 2308 1885 2363 '⁵¹¹‘

238 2400 428 2459 cem-Domini
442 2406 546 2475 omnis,
560 2408 607 2480 qrri
622 2411 792 2468 conscientia
806 2415 921 2485 pauidus
943 2433 1037 2475 coram
1089 2403 1164 2467 ⁰⁰¹³·
1178 2407 1301 2475 spineam
1313 2418 1445 2460 ⁶⁰f⁰¹¹²l¹¹
1458 2411 1485 2460 0¹
1499 2413 1616 2458 ¹¹¹⁰f¹⁰¹¹¹
1634 2401 1728 2459 ⁰¹⁰⁰ss
1754 2409 1885 2473 ⁰¹Pel¹¹¹⁸

239 2495 299 2552 bea
314 2511 380 2554 reus
391 2499 505 2557 assistit.
520 2500 579 2571 Qtro
593 2505 666 2561 enim
690 2508 815 2564 securius
829 2511 977 2584 confugere
987 2530 1037 2585 pu·
1088 2503 1141 2552 ²⁸¹·
1155 2495 1209 2551 5⁰⁴¹
1225 2496 1298 2551 huni
1313 2496 1428 2551 cilicem
1444 2510 1618 2566 ”etlilium
1630 2494 1726 2551 bibere
1743 2498 1884 2564 poterunt,

239 2585 318 2649 terit.
333 2602 417 2657 quatu
435 2592 470 2645 ad
490 2590 625 2664 retugium
637 2596 748 2654 erucis?
769 2597 820 2655 Ubi
835 2600 944 2656 demum
959 2603 1037 2661 miles
1088 2601 1122 2644 0⁰
1137 2588 1211 2659 ‘1¹¹⁰d
1227 2589 1255 2645 ¹¹¹
1268 2588 1316 2645 5¹¹⁰
1336 2589 1372 2644 ⁸¹²
1394 2588 1590 2645 ⁰¹¹⁰l¹¹¹¹¹¹³¹l0
1612 2588 1702 2643 ⁰m¹¹1⁸
1726 2585 1885 2656 “nillilus

237 2677 344 2737 Christi
355 2682 442 2739 tutior
453 2697 518 2743 esse
527 2695 627 2755 potest,
642 2704 724 2759 qaam
739 2690 790 2748 sub
804 2692 905 2750 vexillo
918 2695 959 2752 eui
985 2696 1037 2753 tm.
1087 2684 1191 2755 gaodii,
1207 2686 1280 2756 quod
1300 2684 1338 2740 illi
1351 2700 1459 2741 sumnto
1473 2685 1565 2741 studio
1579 2683 1739 2740 sectandum
1753 2681 1884 2738 decreue-

239 2772 402 2842 peratorial
421 2773 473 2832 llic
495 2776 580 2835 robrtr
602 2780 724 2837 ‹mlestis
742 2782 857 2849 utilitia,
873 2784 918 2842 hic
942 2786 1037 2842 vnlnc·
1088 2788 1162 2837 tunt.
1175 2777 1230 2836 Set!
1243 2779 1368 2849 nultum
1380 2788 1513 2849 immiti
1534 2778 1628 2835 bibile
1643 2776 1758 2833 limem
1781 2774 1883 2831 ¹ae¹¹¹¹²

238 2861 295 2918 rati
306 2863 334 2919 iu
349 2865 442 2938 prima
457 2866 528 2937 acie,
543 2878 572 2926 et
585 2871 748 2930 criminibus
759 2874 858 2946 dejecti
874 2889 1036 2950 receperunt
1087 2880 1115 2927 ct
1126 2872 1336 2941 consolationis,
1352 2887 1434 2947 quem
1455 2872 1524 2929 bibit
1552 2871 1679 2929 Christus
1706 2871 1732 2927 1¹¹
1759 2884 1883 2927 resurre-

238 2953 388 3023 pristlaam
404 2958 548 3018 uirtutem.
559 2960 611 3017 llic
638 2963 777 3034 siquidem
799 2975 842 3024 cst
861 2969 970 3041 justitia
987 2988 1036 3043 pa·
1087 2965 1201 3024 ettaaet
1216 2966 1315 3024 llicunt
1327 2981 1434 3033 oannes,
1447 2981 1609 3037 possumus.
1627 2964 1681 3022 Sed
1697 2965 1750 3021 hoc
1765 2978 1819 3020 non
1835 2978 1882 3020 cs·

239 3045 438 3118 selanitarum,
454 3050 499 3110 bie
513 3054 669 3111 constantia
683 3065 847 3131 martyrum,
857 3059 1034 3119 bicamniam
1086 3065 1127 3114 set
1143 3058 1258 3116 calicem
1277 3061 1385 3117 batarini
1401 3059 1508 3129 bibere,
1520 3062 1576 3117 ituo
1588 3062 1679 3134 potius
1693 3059 1881 3117 contundere:

237 3136 376 3208 iustorum
400 3140 571 3214 innocentia,
586 3147 632 3217 qui
660 3147 786 3209 larerunt
805 3151 892 3210 stolas
918 3166 1035 3214 suaset
1085 3149 1242 3221 quialusta
1270 3153 1374 3211 dictum
1400 3154 1488 3209 sancti
1514 3153 1578 3221 uiri,
1609 3162 1732 3224 tempora
1750 3152 1881 3222 regnandi

237 3232 438 3293 dealbaverunt
452 3250 501 3293 eas
511 3238 540 3294 in
553 3240 686 3311 sauguine
702 3241 794 3316 spat:
810 3245 859 3302 llic
874 3247 957 3305 etiam
974 3259 1066 3318 mac
1084 3254 1138 3298 ¹¹⁰⁰
1153 3253 1268 3313 possunt
1282 3245 1434 3317 emittite
1447 3256 1569 3316 tempora
1587 3244 1720 3315 paticudia

238 3325 286 3394 gni
300 3325 340 3382 ilii
353 3336 523 3398 peecamres,
549 3332 595 3401 uui
617 3334 766 3404 propbetas
793 3338 963 3406 occiderunt,
981 3340 1030 3412 uui
1126 3333 1197 3392 Sunt
1220 3336 1266 3392 alii
1282 3352 1394 3395 acruce
1420 3337 1526 3394 hautiul
1547 3338 1718 3403 remotiores,
1732 3345 1825 3408 utpote
1841 3339 1880 3398 illi

237 3416 380 3475 Christum
394 3432 579 3494 pupugerunt,
592 3425 639 3495 qut
660 3426 810 3486 Ecclesiam
824 3429 872 3487 Dei
897 3439 961 3489 suut
974 3447 1038 3503 per·
1089 3428 1136 3499 qui
1153 3428 1325 3500 disciplinam
1352 3430 1487 3503 regularis
1511 3431 1575 3487 atra
1600 3431 1692 3488 elevati
1714 3431 1885 3500 suscipimus.

238 3510 328 3567 wenti
343 3522 354 3566 a
368 3518 398 3567 et
406 3524 504 3570 omnes
515 3517 656 3574 consecuti
678 3519 825 3577 criminum
848 3536 962 3580 suornm
988 3541 1036 3582 re·
1088 3522 1137 3577 sed
1155 3535 1217 3577 eam
1230 3522 1391 3580 obedienter
1405 3537 1459 3579 tton
1487 3534 1700 3595 prosequuntur.
1727 3524 1886 3594 iliscipiina·

238 3605 325 3669 aban,
341 3602 391 3660 tibi
406 3619 517 3677 quoque
531 3608 596 3665 dant
614 3609 739 3667 lldutiam
760 3613 848 3670 reraiae
863 3630 1036 3689 cousequen-
1087 3611 1223 3683 regularis
1236 3623 1312 3671 recte
1332 3614 1407 3670 cruci
1434 3625 1621 3687 comparatur,
1638 3615 1702 3686 quia
1717 3616 1790 3672 siem
1811 3629 1880 3672 crux

238 3694 292 3750 da.
304 3693 377 3762 osia
388 3709 456 3768 erpo
468 3699 587 3757 moraris
597 3700 609 3756 l
620 3715 671 3758 cur
687 3701 783 3759 uenire
805 3705 945 3775 trepidari
960 3708 1034 3765 nulla
1086 3707 1218 3762 usuardum
1233 3708 1371 3779 repararit
1384 3708 1420 3764 ad
1432 3709 1528 3777 vitam,
1554 3709 1592 3763 ita
1609 3709 1664 3764 rita
1679 3708 1814 3781 regularis
1826 3709 1878 3763 bo·

237 3785 368 3877 mettim
379 3788 487 3857 peccati
503 3791 666 3860 enormitas,
688 3808 770 3864 quam
792 3796 895 3853 christi
921 3800 1034 3869 sanguis
1086 3795 1187 3853 minem
1200 3807 1311 3867 reparat
1327 3799 1361 3855 ad
1380 3800 1565 3856 innocentiam
1580 3816 1588 3855 a
1606 3808 1635 3857 et
1652 3800 1725 3855 sicut
1752 3797 1880 3855 Christus

237 3877 354 3947 expiare
363 3893 418 3936 sou
431 3882 531 3953 possit.
541 3879 571 3940 Si
585 3892 671 3942 terret
684 3895 711 3943 te
722 3887 884 3960 magnitudo
894 3891 1033 3961 supplicii,
1085 3886 1113 3942 in
1131 3900 1215 3942 cruce
1229 3889 1349 3944 obedivit
1372 3904 1460 3960 usqne
1477 3889 1511 3945 ad
1537 3899 1664 3956 mortem,
1679 3891 1717 3944 ita
1741 3898 1770 3944 et
1795 3886 1879 3942 ltotuo

239 3971 418 4040 apprehende
432 3973 525 4032 crucis
539 3974 706 4048 protundum
726 3995 733 4034 a
748 3979 771 4034 si
783 3977 900 4036 delectat
915 3988 941 4036 te
953 3980 1033 4038 celsi·
1084 3979 1236 4050 disciptinae
1250 3979 1370 4050 reputari
1390 3981 1473 4037 debet
1495 3982 1608 4038 obedire
1633 3979 1766 4052 usquead
1785 3982 1877 4041 carnis

238 4061 305 4119 tudo
319 4064 439 4136 pratuli,
455 4067 632 4139 apprehende
653 4070 745 4128 crucis
770 4070 989 4130 sublimitatem:
1009 4073 1033 4131 ai
1085 4069 1338 4126 narttticattauem.
1368 4070 1423 4129 Sed
1446 4073 1480 4128 ab
1505 4073 1557 4130 bac
1574 4072 1730 4130 obediontia
1752 4074 1877 4132 videmus

238 4155 333 4213 anitaa
346 4166 393 4215 tua
408 4159 487 4217 arida
498 4170 551 4232 est,
564 4172 594 4221 et
617 4164 723 4236 indiges
742 4165 878 4222 benchcio
890 4165 1032 4236 virtutum,
1084 4160 1218 4232 quosdam
1245 4163 1410 4220 remotiores
1435 4163 1506 4228 lieri,
1520 4165 1621 4236 quibus
1645 4167 1669 4222 sl
1696 4165 1877 4236 iniungantur

239 4249 416 4319 apprehende
447 4252 538 4311 emole
562 4253 759 4317 latitudinem:
783 4257 806 4313 sl
834 4259 1032 4318 tentationibus
1083 4253 1186 4324 aliqua,
1202 4255 1248 4311 ubi
1264 4256 1319 4313 sint
1342 4256 1457 4327 uestigia
1478 4256 1626 4313 boutinics
1651 4258 1797 4329 passionis,
1824 4259 1876 4316 lta·

238 4338 370 4409 pulsaris,
382 4343 559 4415 apprehende
573 4346 666 4404 crucis
689 4347 899 4421 longitudinem.
912 4349 942 4406 lu
967 4364 1033 4421 pro·
1082 4345 1175 4403 bertila
1187 4357 1296 4419 pastum
1311 4348 1502 4405 amaritudinis
1513 4357 1542 4406 et
1559 4349 1672 4418 laboris,
1689 4350 1823 4407 nuditatis
1846 4358 1875 4407 et

239 4432 325 4492 lando
339 4436 414 4493 enirn
427 4439 520 4497 erucis
530 4442 723 4498 exterminatio
739 4441 879 4516 supplicii,
893 4443 921 4499 in
940 4443 1029 4501 subli·
1082 4440 1263 4512 paupertatis,
1277 4448 1304 4497 et
1317 4439 1428 4498 obedire
1440 4450 1569 4509 renuunt,
1583 4453 1786 4501 murmurantes
1810 4459 1874 4500 cunr

240 4524 337 4583 nitate
362 4526 499 4586 celsitudo
520 4532 635 4602 praemii,
662 4534 691 4590 iu
712 4533 858 4591 latitudine
879 4535 1031 4608 amplitudo
1082 4529 1152 4588 lona
1165 4531 1274 4604 lugiunt
1289 4546 1304 4587 a
1320 4531 1390 4588 lacie
1404 4532 1524 4600 bomini,
1536 4533 1681 4591 dicentes:
1698 4537 1757 4593 Non
1770 4549 1813 4593 est
1826 4537 1875 4594 bic

238 4614 376 4685 beoelicii,
390 4620 418 4676 ia
430 4620 601 4695 inopinatae
616 4625 702 4680 robur
716 4625 821 4682 auxilii.
1045 4612 1198 4679 Dbomoa
1222 4622 1278 4680 lico
1296 4624 1343 4695 qui
1361 4623 1428 4678 talia
1446 4626 1573 4680 martdata
1600 4625 1735 4682 decernit.
1759 4625 1787 4681 Si
1808 4640 1874 4683 roro

270 4707 342 4766 Cana
354 4724 422 4784 erpo
433 4727 531 4772 omnes
545 4715 580 4771 ad
604 4730 715 4773 crucem
731 4718 838 4774 bomini
865 4717 1030 4786 inuitentur,
1082 4714 1243 4789 injungatur
1258 4717 1300 4774 cis
1313 4715 1483 4783 obedientia,
1497 4717 1524 4774 iu
1537 4732 1592 4788 qua
1609 4717 1644 4773 sit
1657 4716 1782 4773 seculare
1806 4732 1871 4788 gau·

238 4806 331 4858 tamen
347 4812 411 4860 aaut
423 4803 507 4878 aliqui
523 4808 596 4878 quia
612 4822 695 4865 cruce
712 4807 820 4866 Domini
844 4824 874 4867 se
888 4810 1028 4883 elotrpant,
1082 4811 1167 4879 dium,
1179 4821 1207 4868 et
1221 4811 1298 4870 locus
1310 4813 1421 4884 quidam
1438 4812 1645 4881 dominationis,
1663 4812 1737 4868 illam
1759 4826 1813 4866 non
1828 4826 1874 4869 sa·

237 4894 421 4967 aaatahiqui
441 4897 531 4955 cidem
549 4900 777 4973 appropinquant.
804 4900 855 4969 Qut
880 4912 972 4959 autem
999 4917 1029 4960 sc
1082 4903 1139 4962 lum
1152 4905 1303 4973 humiliter,
1321 4907 1369 4962 sed
1393 4916 1422 4963 et
1436 4906 1554 4962 libenter
1581 4914 1610 4961 et
1632 4903 1763 4963 uelociter
1785 4907 1874 4963 susci·

237 4985 368 5059 etaupaat
379 4987 427 5045 alii
441 4998 507 5047 snut
521 4992 633 5059 retuoti,
645 4990 691 5047 alii
715 4994 889 5059 remotiores,
921 4993 967 5049 alii
985 5008 1030 5051 re·
1082 5000 1172 5071 piant.
1185 4998 1374 5056 obedientiam
1392 4999 1468 5056 illam
1485 4999 1596 5070 loquor,
1610 4999 1656 5055 ubi
1671 5000 1772 5056 horrea
1799 5015 1872 5056 mes·

236 5076 409 5133 nasseinais
434 5089 463 5136 et
480 5080 527 5152 qni
551 5083 772 5154 appropinquant
790 5082 835 5138 alii
861 5097 955 5154 prope,
981 5083 1029 5143 alii
1082 5092 1172 5158 sibus,
1188 5090 1335 5146 torcularia
1350 5091 1414 5146 uino
1427 5092 1577 5157 abundant,
1594 5092 1639 5148 ubi
1650 5092 1724 5148 curia
1741 5089 1872 5161 lreqtaeus

236 5169 391 5240 propiores,
404 5169 451 5228 alii
466 5174 596 5245 proximi.
612 5173 719 5231 Rumori
745 5184 811 5232 snut
834 5190 950 5233 acrnce
978 5174 1031 5234 bo·
1082 5181 1245 5240 estlamulis
1257 5192 1285 5240 et
1300 5182 1408 5252 tabulis,
1423 5183 1471 5240 ubi
1491 5199 1586 5240 mensa
1610 5185 1689 5255 plena
1711 5182 1816 5253 poculis
1843 5193 1873 5237 et

236 5264 315 5332 utini,
333 5265 384 5336 qai
405 5265 490 5324 dediti
514 5266 680 5324 multatibus
709 5267 790 5338 hujus
814 5268 1029 5338 accumulate
1080 5273 1206 5342 terrulis,
1221 5274 1266 5332 ubi
1280 5275 1365 5346 phase
1381 5289 1443 5332 cum
1473 5274 1639 5331 tormentata
1663 5272 1815 5340 eclehraut,
1842 5281 1872 5326 et

236 5360 321 5416 dorso
339 5360 503 5417 crucibsuut
518 5358 681 5435 respiciunt,
698 5361 726 5419 in
740 5361 868 5433 passione
882 5360 969 5434 ipsius
980 5379 1030 5435 pa·
1081 5380 1181 5438 agnum
1197 5364 1356 5436 paschalem
1370 5366 1519 5423 comedunt
1543 5366 1603 5422 eine
1626 5364 1740 5421 lactucis
1754 5362 1872 5433 agassu-

236 5451 453 5510 stcutesocttlos
474 5452 574 5525 tnagis,
590 5468 674 5525 uuam
696 5452 771 5510 illam
796 5454 1028 5512 ltttitantes.llnm
1082 5455 1205 5514 basleti
1220 5471 1296 5529 erpo,
1313 5458 1376 5528 quia
1399 5472 1448 5528 per
1461 5456 1634 5527 disciplinam
1658 5453 1812 5526 regularem
1836 5455 1871 5511 ad

234 5544 312 5603 euim
330 5545 366 5603 ad
378 5544 443 5603 rite
457 5545 539 5619 hujus
550 5547 660 5606 delitias
670 5561 721 5620 per
746 5549 898 5605 secularem
914 5563 1030 5605 conser—
1082 5562 1188 5605 ntorum
1200 5549 1396 5621 perlectionem
1411 5565 1464 5606 nou
1476 5550 1660 5620 corrigtmtur,
1671 5554 1745 5602 recte
1759 5560 1871 5603 crucem

236 5636 597 5707 radanemeecxtenduat,
614 5638 1028 5710 quaslacrurellomiuiclon·
1081 5638 1191 5696 bantini
1212 5655 1295 5710 quam
1322 5648 1531 5712 assutnpseruut
1565 5637 1700 5711 projicere
1729 5637 1870 5697 dicuutur.

236 5740 348 5801 paratur.
368 5729 425 5787 Sed
438 5732 547 5801 quaudo
569 5731 597 5788 ia
611 5731 755 5791 bctrctlciis
769 5731 948 5790 ecclesiarum
965 5747 1030 5788 con·
1082 5733 1230 5803 Disciplina
1247 5743 1305 5803 tua,
1318 5734 1407 5806 inquit
1426 5733 1523 5800 Dauid,
1539 5733 1660 5790 correxit
1678 5746 1722 5788 me
1741 5747 1768 5787 m
1788 5729 1874 5788 llnem

236 5822 387 5896 sequendis
401 5823 565 5881 charactere
581 5824 705 5882 crucillsi
719 5824 845 5900 insigniri
861 5821 968 5891 uolunt,
982 5837 1030 5880 re·
1081 5834 1108 5880 ct
1120 5825 1263 5896 disciplina
1278 5837 1325 5884 tua
1337 5828 1396 5899 ipsa
1408 5841 1452 5883 nte
1463 5826 1575 5882 docebit
1597 5823 1687 5897 (Paul.
1710 5825 1790 5897 sutri.
1816 5822 1870 5880 lla·

238 5915 277 5973 lat
294 5914 413 5979 ederat
439 5931 550 5976 erucem
564 5916 671 5976 bomini
686 5916 846 5992 respiciunt.
861 5915 941 5975 'iales
965 5925 1030 5974 sutu
1080 5916 1128 5971 bct
1151 5925 1225 5976 certe
1247 5915 1350 5976 malunt
1371 5916 1458 5978 taem
1485 5931 1582 5991 suum,
1612 5913 1896 5979 consummationem-
