4425 6450
281 380 310 433 tt
321 380 351 436 tt
913 390 1016 451 PETRI
1035 396 1273 455 rtctatlessts·
1854 402 1884 457 il
1894 402 1929 457 to

280 514 359 578 dens,
377 526 495 619 meretur
516 532 701 587 consequeus3
717 519 789 576 sicut
810 520 862 577 isto
885 535 1005 578 meretur
1029 526 1108 583 in-d
1159 524 1258 581 Praeter
1276 526 1326 580 bos
1343 534 1435 580 auteur
1453 524 1548 579 modos
1573 532 1687 596 possunt
1704 524 1840 595 distingui
1858 539 1928 593 qua-

282 614 475 712 retemperant
505 610 631 679 qrarrperis
657 624 692 665 ex
716 625 770 681 qua
796 623 839 668 εει
862 615 956 684 primm
980 619 1075 686 gratie
1128 626 1192 670 tuor
1218 618 1289 672 rrrodi
1315 616 1365 672 sub
1388 617 1505 686 propriis
1528 615 1757 686 appellationibus
1778 626 1808 669 et
1824 616 1927 685 signis,

281 699 401 766 inlusio,
429 716 481 756 non
521 710 612 758 tannen
645 716 769 759 meretur
805 706 923 774 primam
957 707 1075 766 inlusio·
1127 709 1232 763 seilicet
1253 708 1385 775 perfectio
1404 708 1515 776 quietis,
1534 708 1661 771 aetionis,
1677 707 1794 771 ordinis,
1808 708 1927 760 certitu·
1981 760 1982 763 ,

283 806 356 845 ncrrr.
1128 802 1210 858 dinis.
1226 800 1363 855 Perfeetio
1374 801 1474 869 quietis
1485 811 1527 855 est
1538 797 1652 855 allectus
1663 797 1818 854 dimittendi
1831 798 1927 856 omnia

302 975 309 990 ι
318 886 402 987 220
417 885 472 941 ilici
489 888 668 956 ipitrrrpotest
679 890 750 959 quod
764 905 813 960 par
824 902 999 962 augmentum
1014 893 1079 948 eba-
1129 910 1179 964 pro
1193 894 1314 957 Clrristo,
1330 895 1400 963 quod
1416 894 1594 964 cognoscitur
1613 906 1647 947 ex
1669 892 1726 960 ipsa
1746 891 1926 949 dimissione.

285 984 375 1028 ntaus
396 991 428 1029 cx
452 977 510 1046 pari
532 978 666 1069 elraritate
689 989 830 1035 merentur
854 982 911 1045 isti,
927 992 955 1037 et
976 984 1078 1053 pariter
1130 984 1226 1041 Unde:
1240 983 1269 1039 Si
1290 985 1327 1039 nis
1345 1000 1401 1038 cere
1415 983 1561 1053 perfertur,
1579 992 1634 1038 ete.
1651 979 1760 1049 (liuttlr.
1788 984 1861 1048 arx).
1885 984 1926 1038 dd

285 1075 399 1168 appeten
423 1068 457 1121 de
482 1066 604 1165 meritis,·
627 1068 675 1123 sed
691 1071 763 1139 quod
787 1072 813 1125 iu
839 1071 926 1126 alteru
944 1074 1031 1142 magis
1045 1075 1079 1128 de
1129 1076 1200 1131 lrarrc
1227 1076 1423 1145 perlectionem
1448 1084 1578 1130 tenentur
1600 1072 1757 1129 ecenobitae.
1785 1072 1928 1129 Perfectio

285 1165 386 1210 uttlule
402 1157 565 1211 sacramenti
581 1165 623 1212 esi
646 1160 678 1213 de
705 1160 805 1228 gralia,
824 1177 876 1215 aron
908 1162 1077 1226 demeritis,
1132 1171 1251 1224 actionis
1275 1179 1318 1223 est
1341 1169 1467 1222 rolrrntas
1488 1163 1609 1236 ponendi
1632 1164 1751 1218 ultimant
1771 1181 1823 1236 pto
1843 1181 1928 1237 grege

286 1258 318 1304 ut
331 1250 353 1304 si
374 1250 478 1304 duobus
494 1250 520 1305 iu
539 1251 616 1305 uinea
630 1252 733 1320 pariter
748 1254 934 1310 laborantibus
950 1255 1079 1311 reddatur
1130 1263 1287 1321 cornurisso.
1298 1258 1374 1327 errius
1385 1259 1491 1329 siguum
1502 1269 1544 1312 est
1557 1270 1641 1325 opere
1653 1257 1772 1311 indicare
1784 1258 1811 1310 id
1826 1258 1926 1328 ipsum.

287 1355 338 1410 par
353 1340 507 1411 praemium,
525 1352 552 1395 ct
575 1342 652 1397 alteri
668 1342 726 1411 plus
741 1358 773 1397 ex
792 1347 891 1415 gratia.
912 1347 966 1402 Sed
982 1363 1080 1403 seeun-
1131 1353 1171 1409 do
1189 1354 1260 1408 barre
1275 1362 1381 1406 tenetur
1402 1351 1531 1403 sacerdos
1552 1348 1655 1402 liabens
1674 1362 1769 1403 euram
1787 1352 1882 1419 gregis
1896 1350 1929 1404 de

287 1433 351 1485 dun
363 1431 415 1486 lroe
427 1433 560 1502 contingit
574 1432 641 1489 duos
653 1435 754 1504 pariter
763 1437 818 1489 rita
829 1436 925 1507 dignos
934 1439 1080 1505 decedere,
1131 1458 1185 1513 qua
1199 1442 1301 1497 dicitur
1312 1459 1318 1494 :
1330 1440 1459 1509 diriorem
1469 1439 1519 1492 lunc
1531 1438 1660 1491 clruritute
1678 1453 1752 1492 uerno
1768 1439 1861 1501 balet,
1874 1450 1927 1495 etc.

287 1528 444 1583 etalterum
462 1528 592 1598 rrrajorenr
615 1544 744 1583 coronam
773 1531 923 1600 percipere.
948 1530 1002 1586 Sed
1030 1533 1080 1589 lrue
1133 1533 1224 1603 (loen.
1243 1535 1298 1592 ιιι.
1314 1533 1371 1604 llll)
1386 1531 1520 1587 Perfectio
1533 1530 1689 1586 ordinisesl
1708 1531 1856 1586 continere
1870 1544 1930 1585 orn·

288 1620 424 1675 eredimus
442 1618 525 1675 Deum
550 1635 631 1689 posse
657 1622 748 1677 lacere
773 1637 807 1676 cx
827 1624 986 1691 gratia,sed
1012 1642 1082 1679 nrrn·
1134 1626 1212 1689 nino,
1237 1624 1315 1693 cnjus
1345 1625 1452 1695 signum
1477 1633 1520 1679 εει
1544 1638 1628 1692 opere
1648 1622 1767 1691 idipsum
1791 1622 1927 1677 iudicare.

289 1728 372 1781 quarn
388 1713 559 1780 corrriuperc.
575 1712 686 1768 Dicatur
700 1728 765 1783 ergo
776 1715 848 1782 qurrd
862 1730 913 1769 rrou
930 1717 993 1785 quia
1011 1715 1082 1771 alter
1134 1717 1193 1789 (ll)
1205 1716 1244 1771 llil
1261 1717 1331 1773 bane
1355 1726 1462 1772 tenetur
1485 1715 1576 1770 omrris
1595 1716 1724 1769 sacerdus
1746 1716 1805 1769 sire
1827 1714 1930 1770 lrabeat

290 1803 397 1871 parium
419 1802 447 1857 iu
469 1804 605 1857 charitate
630 1806 745 1875 suscipit
768 1807 974 1869 eucharistiam,
996 1809 1083 1864 altero
1135 1825 1232 1866 euram
1247 1810 1338 1881 gregis
1359 1810 1417 1864 sire
1432 1824 1497 1873 nou,
1512 1818 1541 1863 et
1555 1808 1687 1863 diaconus
1700 1824 1706 1861 ε
1721 1808 1779 1862 beee
1795 1805 1930 1876 perfectio

290 1910 344 1949 nou
372 1894 552 1965 srrseipieute,
584 1895 644 1951 ideo
670 1898 774 1953 tollitur
799 1899 903 1967 paritas
926 1899 1081 1967 eharitatis,
1136 1902 1410 1970 nilaliudestquam
1432 1897 1930 1968 rutumcoutinentize,dequa:Qui

292 1992 356 2057 quia
386 2004 440 2045 nou
469 1989 647 2059 srrscipienti,
676 2000 775 2060 practer
801 2002 976 2059 arrgrnenlum
1011 1994 1084 2063 qnod
1134 2001 1320 2063 potestcupcre
1339 1990 1636 2060 commmunicant).
1661 1988 1930 2045 Perfectiocertitu-

291 2080 407 2149 suscipit
436 2080 471 2136 de
501 2082 599 2136 merito
626 2081 780 2144 charitatis,
806 2083 840 2137 de
863 2084 950 2152 gratia
975 2095 1085 2152 praestat
1135 2082 1206 2138 diuis
1219 2082 1403 2151 cstperleetio
1417 2082 1592 2137 conscientie
1605 2081 1713 2151 qnando
1726 2095 1780 2134 nou
1794 2080 1930 2135 estbonro

293 2172 364 2227 Deris
377 2182 552 2241 arraneutum
572 2172 750 2244 aequipollens
765 2183 913 2245 arrprueuto
924 2176 998 2246 quod
1015 2177 1085 2230 alter
1137 2175 1188 2230 sibi
1205 2175 1333 2230 conscius
1350 2173 1472 2237 vertialls,
1490 2174 1532 2229 rel
1553 2173 1687 2234 rarorlalis,
1701 2173 1755 2225 into
1773 2172 1855 2240 quasi
1871 2188 1930 2227 cer·

293 2264 409 2331 suscipit
420 2264 453 2318 de
470 2271 655 2319 sacramento.
1137 2277 1193 2320 turn
1210 2275 1237 2320 ct
1251 2276 1381 2321 constans
1399 2275 1440 2322 est
1456 2267 1481 2321 ei
1498 2267 1569 2334 quod
1586 2266 1645 2319 siue
1661 2264 1736 2318 ouini
1753 2274 1873 2332 peccato
1886 2264 1931 2326 sit,

329 2357 407 2420 llem,
424 2357 475 2411 iste
491 2364 613 2411 moratus
626 2366 667 2411 est
688 2355 720 2410 in.
737 2357 952 2423 elraritate,iste
975 2375 1023 2430 per
1044 2362 1087 2414 bi·
1137 2371 1187 2411 uec
1212 2358 1290 2411 timet
1319 2358 1420 2426 puuiri,
1438 2359 1484 2411 sed
1511 2358 1643 2427 separari,
1670 2358 1703 2410 de
1730 2357 1783 2410 lrac
1809 2354 1930 2408 dicitur:

295 2449 390 2511 riuum,
409 2456 437 2501 et
453 2448 554 2505 babent
575 2463 670 2517 parem
686 2449 860 2515 charitatem,
872 2452 917 2506 isti
941 2452 998 2522 pari
1016 2468 1087 2521 prae·
1137 2447 1227 2503 Estote
1236 2447 1343 2518 perfecti
1355 2450 1422 2502 eieru
1437 2459 1461 2504 et
1481 2449 1564 2502 Puter
1579 2461 1661 2503 rcuer
1672 2445 1783 2518 (dultin.
1800 2448 1838 2516 r).
1856 2446 1890 2501 Et
1902 2447 1932 2500 de

296 2540 351 2593 nrio
367 2548 431 2595 scrut
451 2539 524 2609 digni
546 2549 659 2611 proptor
678 2556 762 2610 opera
777 2557 837 2610 qum
852 2542 953 2597 faciunt
978 2542 1004 2598 in
1028 2544 1084 2612 pari
1138 2542 1190 2597 bae
1210 2542 1266 2596 sola
1290 2542 1407 2596 dieitur:
1423 2540 1544 2611 Perfecta
1567 2542 1684 2596 etruriam
1700 2541 1776 2611 [oras
1799 2540 1883 2593 nutrit
1901 2540 1932 2592 tio

295 2632 446 2698 charitate,
468 2646 534 2703 erpo
555 2647 638 2702 opera
659 2642 706 2687 aut
725 2633 796 2689 faeta
821 2635 855 2688 ab
879 2634 930 2690 isto
951 2634 1086 2705 superflua
1138 2650 1235 2689 nrorenr
1256 2633 1389 2688 initialem
1411 2632 1436 2702 (l
1453 2632 1535 2688 fourr.
1551 2636 1598 2704 rr).
1613 2634 1667 2689 Nee
1690 2644 1805 2690 tenetur.
1819 2633 1936 2703 quilibet

296 2732 359 2778 sum
375 2724 398 2778 εἰ
415 2739 469 2779 uon
484 2734 595 2794 propter
611 2725 662 2778 boe
676 2722 772 2791 majori
793 2723 905 2794 prendo
921 2735 963 2781 est
978 2726 1087 2795 dignus.
1139 2727 1278 2798 perlectus
1294 2727 1327 2780 ad
1346 2725 1428 2795 229
1448 2727 1538 2780 onnria
1561 2714 1660 2797 genera
1676 2727 1872 2796 perfeetionis,
1887 2725 1936 2779 sed

294 2816 335 2870 nd
352 2818 403 2871 lroe
419 2816 565 2871 dicentium
584 2815 656 2886 quod
672 2816 840 2872 diuturnitas
855 2817 896 2871 nil
913 2817 1009 2885 adjicit
1029 2833 1087 2872 ure·
1139 2819 1238 2887 singuli
1255 2817 1289 2871 ael
1301 2818 1417 2888 singula,
1433 2826 1461 2870 et
1476 2829 1588 2888 possunt
1606 2819 1656 2871 tria
1671 2832 1777 2887 ponera
1792 2815 1938 2884 perfectio·

296 2912 360 2971 rito,
375 2924 424 2963 rnre
441 2917 522 2978 auget
536 2908 679 2977 perennium
693 2908 720 2963 iu
733 2910 791 2979 pari
802 2911 948 2966 clraritute.
965 2910 1089 2979 dargrrurr
1140 2912 1181 2964 uis
1197 2909 1290 2964 lraberi
1302 2924 1363 2963 cum
1375 2908 1471 2963 initiali
1483 2910 1592 2971 tirrrore,
1606 2909 1653 2963 sed
1664 2916 1794 2977 quartum
1808 2906 1938 2963 ruinirno.

297 3001 406 3071 quidem
431 3014 562 3054 numerus
578 3000 752 3064 meritorum,
768 3002 814 3056 sed
831 3018 884 3055 uon
895 3000 940 3070 jus
956 3001 1089 3064 mereudi,
1140 3000 1174 3055 Ει
1187 3001 1288 3055 dicitur
1304 2999 1442 3070 perlectus
1455 3001 1614 3069 quicunque
1629 2998 1713 3054 lrabet
1728 2999 1852 3067 aliquam
1868 2998 1944 3052 isra·

299 3095 369 3147 sicut
386 3093 412 3145 in
432 3092 551 3147 Clrristo.
576 3094 616 3145 dd
639 3091 703 3160 quid
721 3107 785 3161 ergo
806 3094 898 3147 ralcnt
917 3108 1001 3162 opera
1021 3106 1089 3162 prae·
1142 3109 1201 3148 rurn
1213 3092 1420 3163 perfectionum,
1436 3108 1470 3147 ne
1484 3093 1506 3148 si
1522 3094 1627 3148 dicatur
1641 3092 1822 3162 imperfectus
1839 3092 1938 3146 ridea-

299 3184 403 3239 ruissai
418 3182 482 3254 quia
509 3182 572 3239 dutn
596 3198 627 3238 ea
652 3183 726 3244 fecit.
748 3200 801 3238 nuu
826 3183 889 3240 fecit
917 3186 996 3250 rnala,
1015 3195 1043 3240 et
1066 3182 1088 3240 si
1103 3208 1126 3267 ρ
1142 3198 1186 3244 tur
1200 3188 1234 3243 alr
1249 3186 1293 3243 illo
1313 3186 1368 3241 tulli
1390 3185 1479 3241 urrrois
1498 3185 1640 3256 perfectio,
1654 3185 1725 3241 sicut
1745 3184 1794 3254 qui
1816 3183 1872 3238 scit
1890 3184 1943 3237 ali·

300 3287 363 3333 turre
386 3276 526 3332 decederet
545 3276 707 3332 salvaretur.
730 3275 807 3339 ltcur,
826 3278 877 3331 iste
902 3277 1004 3333 diutins
1029 3295 1091 3349 per·

299 3371 436 3424 serenavit
456 3369 483 3422 iu
502 3370 638 3424 clraritute
660 3384 742 3438 qurum
769 3368 823 3431 ille,
843 3384 908 3438 erpo
931 3371 1015 3440 tnagis
1037 3386 1091 3428 me·

301 3462 451 3531 ruitquarn
475 3459 529 3514 ille.
554 3459 685 3528 Fallacia.
710 3458 789 3515 Prius
806 3460 856 3515 fuit
873 3460 944 3515 latro
966 3462 992 3516 iu
1014 3477 1094 3533 para·

303 3555 371 3616 eliso,
388 3568 469 3622 quam
486 3553 564 3608 beata
581 3551 675 3624 Virgo,
696 3567 762 3625 erpo
782 3552 868 3623 majus
887 3554 1005 3609 obtinuit
1025 3570 1094 3625 prae·

303 3663 399 3702 rrrruur.

589 3739 704 3797 CAPUT
725 3741 810 3797 XXV.

375 3832 412 3887 lle
429 3833 588 3903 perfectione
608 3841 632 3885 et
656 3830 858 3901 imperfectione
873 3830 1023 3885 clruritatir.

339 3927 416 3981 Sicut
432 3927 536 3996 paritas
558 3933 586 3981 et
601 3923 745 3992 imparitas
765 3921 920 3988 charitatis,
935 3922 970 3976 de
991 3919 1092 3991 quibus

305 4021 408 4075 dietum
424 4029 476 4084 est,
491 4018 669 4073 attemluntnr
685 4019 834 4074 seeundum
854 4015 967 4072 allectus
982 4013 1096 4068 interio-

310 4129 365 4174 res,
382 4113 419 4167 ita
442 4111 575 4180 perfectio
590 4119 616 4167 et
631 4110 802 4181 imperiectio
817 4109 980 4172 clraritatis,
1001 4120 1098 4160 seeun-

306 4204 369 4259 dum
383 4215 473 4260 motus
493 4205 647 4270 interiores,
661 4213 689 4258 ut
712 4203 830 4274 perfectu
846 4202 952 4256 dicatur
967 4199 1090 4255 ebaritas

307 4313 368 4368 qum
391 4297 511 4368 perfecte
537 4305 637 4360 rueret,
659 4295 816 4364 imperfecta
841 4309 902 4363 quar
927 4289 1097 4360 imperfecto.

1143 3296 1224 3352 quarn
1239 3280 1350 3334 istarum
1365 3277 1538 3332 scientiarum
1550 3277 1770 3345 grammaticam,
1788 3275 1940 3338 rrrnsieanr,

1144 3374 1320 3436 rhetoricam,
1330 3370 1501 3425 dialecticam
1517 3369 1616 3424 dicitur
1629 3366 1734 3429 sciens,
1745 3378 1780 3419 ne
1791 3366 1813 3418 si
1828 3367 1939 3419 dicatur

1145 3466 1250 3522 inscius
1265 3467 1390 3519 rideatur
1414 3462 1449 3517 ab
1472 3476 1505 3516 eo
1528 3460 1586 3516 tolli
1608 3458 1700 3515 omnis
1726 3457 1851 3512 scientia.
1880 3456 1941 3511 lloc

1145 3561 1228 3615 etiam
1241 3556 1462 3613 consideratione
1482 3553 1593 3623 dignum
1609 3551 1681 3622 quod
1692 3549 1811 3606 ebaritas
1824 3548 1944 3602 dicate:

1146 3655 1231 3708 rirtus
1254 3661 1370 3719 etopus
1393 3647 1540 3703 clraritatis
1565 3654 1655 3699 motus
1680 3643 1800 3698 virtutis.
1828 3641 1942 3694 frieitur

1146 3745 1244 3815 alturus
1258 3743 1357 3797 lrabere
1372 3739 1562 3810 perfectiorem
1581 3736 1745 3790 charitatem
1757 3747 1843 3801 quam
1855 3731 1946 3794 alins,

1147 3835 1188 3890 rel
1203 3834 1265 3903 quia
1290 3831 1366 3901 plura
1385 3828 1450 3882 lacit
1467 3840 1549 3895 opera
1575 3823 1703 3890 perfectae
1720 3821 1882 3885 clraritatis,
1901 3822 1946 3874 rel

1148 3925 1214 3994 quia
1227 3921 1419 3978 feruentioreur
1434 3918 1518 3972 habet
1532 3924 1645 3978 motum,
1662 3913 1702 3967 rel
1718 3914 1783 3982 quia
1799 3911 1891 3980 magis
1904 3921 1945 3966 cst

1149 4021 1174 4074 in
1189 4031 1222 4073 eo
1238 4016 1357 4070 rarlicata
1373 4012 1509 4073 ebaritas,
1529 4009 1592 4077 quia
1609 4006 1715 4062 tumim
1737 4005 1824 4059 babet
1850 4019 1946 4074 prope·

1149 4108 1231 4164 situm
1259 4115 1287 4161 et
1312 4103 1496 4159 constantiam
1515 4108 1565 4154 :et
1588 4099 1645 4154 lraee
1665 4109 1707 4152 cst
1724 4109 1791 4149 rera
1812 4103 1844 4148 et
1862 4099 1946 4164 rnag't

1150 4199 1291 4256 meritoria
1305 4194 1448 4266 perfectio.

1185 4291 1264 4359 erod
1278 4297 1368 4344 tamen
1382 4287 1416 4340 ad
1431 4285 1545 4357 primam
1562 4281 1759 4351 perlectionem
1773 4277 1891 4348 quilibet
1902 4288 1942 4330 te·

309 4390 404 4444 Orurds
415 4397 506 4443 tauron
519 4389 580 4441 ritae
590 4385 719 4456 perfectio
729 4384 850 4456 quaedam
863 4393 905 4437 cst
917 4377 1098 4449 imperfectio,
1152 4395 1258 4445 neuros,
1273 4383 1308 4436 tra
1323 4379 1429 4434 viderur
1455 4374 1561 4431 ostendi
1577 4390 1584 4425 :
1600 4371 1659 4426 Nisi
1678 4373 1737 4442 quie
1759 4367 1946 4424 renuntiarent

311 4491 375 4535 tune
390 4480 463 4532 euim
480 4493 545 4533 rere
564 4477 722 4546 perfreietnr
743 4491 805 4530 enm
822 4475 911 4528 orrrrris
928 4469 1100 4541 imperfectio
1161 4476 1282 4530 opinione
1296 4487 1356 4541 (μω
1367 4468 1494 4537 possidet,
1511 4481 1562 4519 non
1581 4471 1662 4531 potest
1678 4476 1822 4514 urenrcere
1833 4459 1947 4523 discipt-

310 4569 497 4626 craeuabitur.
516 4568 569 4624 Sed
586 4568 648 4637 quia
670 4567 755 4621 rariis
778 4565 866 4620 modis
881 4565 1003 4635 loquitur
1024 4562 1101 4617 Scri·
1117 4543 1140 4598 Ῑ)
1155 4569 1196 4622 ιιι
1212 4564 1289 4634 (Luc.
1319 4562 1386 4632 arr).
1413 4559 1484 4628 Ergo
1515 4556 1630 4626 quilibet
1657 4561 1766 4605 terretur
1792 4549 1949 4604 recnuntiate

312 4671 390 4734 ptura
405 4661 439 4717 de
453 4660 630 4731 perfectione,
653 4659 687 4712 ad
712 4656 856 4711 tollendam
880 4654 999 4724 aliquam
1020 4648 1106 4705 arnbi·

314 4751 446 4822 quitatem
463 4750 617 4806 adlrilrenda
633 4756 676 4804 est
698 4749 847 4803 distinctio.
875 4746 1018 4815 Scriptura
1039 4755 1105 4810 ergo

313 4844 450 4900 interdum
471 4844 666 4916 perfectionem
693 4852 772 4897 uocat
789 4840 990 4902 srrllreientiarn,
1006 4851 1107 4892 secun·

315 4938 378 4992 tium
392 4938 463 5007 quod
475 4938 576 4993 dicitur
589 4956 596 4991 ι
610 4936 730 5005 Perfecta
744 4934 896 5005 penitentia
910 4944 948 4987 cst
961 4947 1019 5003 qne
1030 4946 1103 4984 corn·

315 5030 394 5084 iniero
415 5028 492 5095 delet,
504 5029 529 5083 id
544 5040 585 5084 est
600 5030 754 5094 sufficierrs;
770 5040 797 5081 ει
811 5037 854 5083 εει
876 5025 1009 5096 perfectio
1030 5039 1107 5078 corn·

316 5121 465 5194 pacationis
480 5121 576 5190 alequa
592 5122 693 5176 dicitur
706 5140 713 5173 ι
727 5121 788 5174 ll'isi
803 5117 978 5174 eluredurerit
997 5113 1107 5185 irretitis

315 5225 403 5271 oestro
430 5213 588 5286 piusquam
609 5211 762 5266 Scribarum
782 5222 805 5265 et
831 5210 1028 5265 Plrurirccornm
1057 5221 1109 5259 non

318 5309 452 5363 intrabitis
475 5308 502 5360 in
528 5319 634 5375 reannu
659 5302 781 5357 coelornm
804 5302 912 5368 (ilnrtlr.
934 5301 980 5370 r);
1004 5307 1031 5353 ει
1052 5295 1111 5350 Noe

319 5402 449 5470 perfertur
461 5409 517 5454 erut
528 5401 555 5451 in
566 5395 777 5467 quietationibus
788 5395 843 5446 ruis
854 5391 932 5460 (lien.
945 5391 993 5456 rrl,
1005 5389 1111 5444 scilieet

321 5494 527 5563 eoruparalioue
543 5493 669 5546 aliorum.
692 5487 795 5541 llnrurn
811 5484 1009 5555 perfectionum
1033 5492 1111 5535 rutra·

321 5601 385 5658 quc,
405 5586 429 5638 id
447 5596 488 5640 est
504 5583 651 5647 srrliicieus,
674 5592 701 5636 et
728 5596 776 5651 per
799 5577 1047 5647 comparationem,
1062 5586 1110 5643 po·

323 5689 377 5736 lcsl
395 5679 488 5735 lralreri
505 5675 656 5747 etertrpiruu
671 5673 815 5728 citarilatis
829 5668 1005 5741 irnperiotlae.

361 5840 415 5909 llll)
435 5839 492 5909 dog
506 5879 515 5909 ,
531 5848 609 5894 tract.
627 5837 680 5893 iiin
697 5833 795 5898 lloan,

1154 4659 1282 4716 omnibus
1300 4672 1360 4727 quse
1371 4654 1500 4726 possidet,
1513 4665 1575 4705 eum
1607 4646 1720 4716 quilibet
1747 4651 1879 4698 teneatur
1891 4651 1950 4693 esse

1156 4749 1305 4820 discipulus
1331 4746 1454 4811 Clrristi;
1479 4759 1544 4814 orgo
1566 4739 1680 4812 quilibet
1711 4745 1823 4790 tenetur
1855 4731 1952 4787 babere

1157 4846 1284 4903 allectum
1307 4838 1460 4896 dimittendi
1476 4835 1569 4892 omnia
1592 4847 1641 4903 pro
1656 4829 1777 4891 cbristo,
1790 4834 1821 4880 et
1840 4825 1879 4878 ita
1894 4820 1953 4891 qui·

1158 4935 1226 4989 libet
1236 4940 1345 4986 tenetur
1355 4928 1447 4982 ornnia
1457 4925 1596 4979 dimittere
1612 4934 1661 4989 pro
1676 4918 1798 4972 Christo
1814 4912 1874 4967 lion
1889 4924 1954 4979 ergo

1160 5036 1265 5081 tanturn
1295 5013 1528 5076 recrementum
1551 5013 1592 5068 sie
1612 5009 1761 5079 exponitur
1779 5005 1868 5067 istud,
1898 5002 1956 5057 Nisi

1160 5119 1218 5188 quia
1236 5111 1438 5174 renuntiarerit,
1454 5119 1505 5163 etc.
1522 5105 1608 5159 idest
1625 5101 1676 5157 uisi
1691 5111 1816 5153 amorem
1832 5107 1958 5150 terreno-

1161 5223 1220 5262 rum
1233 5204 1415 5277 postposuerit
1433 5197 1519 5253 amori
1539 5197 1599 5261 Dei,
1618 5209 1671 5248 raon
1692 5197 1783 5262 potest
1801 5203 1884 5243 meus
1899 5203 1957 5242 csse

1161 5299 1328 5367 discipulns3
1347 5295 1400 5361 rel,
1412 5293 1462 5346 nisi
1481 5288 1649 5344 imurirurerit
1660 5282 1824 5344 necessitas,
1843 5292 1959 5350 postpo-

1163 5402 1338 5448 uetautorem
1351 5382 1540 5455 temporalium
1555 5395 1604 5450 pro
1618 5377 1739 5438 cbristo,
1754 5382 1813 5428 etc.

1199 5481 1277 5545 lteru,
1293 5479 1408 5547 quilibet
1423 5473 1554 5544 praelatus
1576 5469 1684 5537 quando
1699 5463 1824 5526 decedit,
1842 5471 1891 5516 aru
1903 5475 1962 5531 per·

1164 5575 1249 5629 fectus
1262 5584 1308 5626 aut
1325 5566 1501 5637 imperfectus
1514 5563 1635 5616 decedit:
1649 5557 1677 5611 Si
1691 5556 1834 5627 perlectus
1843 5557 1964 5616 decedit,

1165 5679 1230 5731 erpo
1244 5664 1304 5716 siue
1318 5658 1416 5713 turriali
1430 5667 1457 5710 ct
1470 5653 1588 5719 ruorlali,
1600 5660 1627 5706 et
1640 5651 1676 5705 ita
1689 5647 1793 5704 nullum
1810 5646 1966 5702 creurabile

1202 5826 1257 5897 lli]
1282 5821 1312 5879 l'.
1327 5819 1408 5877 Notas
1434 5819 1466 5874 ad
1486 5817 1590 5872 Pullum
1610 5814 1644 5868 dc
1661 5811 1812 5867 vetiturus
1838 5808 1968 5866 tulmen.
